trade_id,instrument_id,trade_date,trade_type,quantity,price,order_id,order_time
692438768,1,2023-01-10,sell,25,151.0,1800000091353241,12:51:06
693002923,1,2023-01-10,buy,25,127.15,1800000106739226,13:28:43
693168048,1,2023-01-10,sell,25,148.65,1800000111970199,13:41:28
694096896,1,2023-01-10,buy,25,147.85,1800000135602036,14:33:21
688271544,1,2023-01-11,sell,25,135.35,1800000002750107,09:18:19
688365249,1,2023-01-11,buy,25,147.35,1800000004090704,09:20:00
688428612,1,2023-01-11,sell,25,156.0,1800000004787396,09:20:40
431815846,2,2023-01-12,buy,25,106.7,1500000016007707,09:33:23
431966302,2,2023-01-12,sell,25,107.45,1500000017096292,09:34:23
432026869,2,2023-01-12,buy,25,123.8,1500000017666233,09:35:02
432102594,2,2023-01-12,sell,25,113.65,1500000018321257,09:35:45
432217743,2,2023-01-12,buy,25,109.95,1500000019537265,09:37:31
432685207,2,2023-01-12,sell,25,109.4,1500000023994031,09:43:30
605366694,3,2023-01-12,buy,25,99.25,1700000037563797,10:03:36
605513755,3,2023-01-12,sell,25,100.1,1700000038960350,10:05:06
605628150,3,2023-01-12,buy,25,114.35,1700000040093892,10:06:23
605694599,3,2023-01-12,sell,25,99.0,1700000040806965,10:07:20
605765646,3,2023-01-12,buy,25,105.6,1700000041898838,10:09:05
605840930,3,2023-01-12,sell,25,109.25,1700000042930447,10:10:31
606017814,3,2023-01-12,buy,25,96.05,1700000045618007,10:14:59
606044575,3,2023-01-12,sell,25,103.5,1700000046047628,10:15:41
606157631,3,2023-01-12,buy,25,131.8,1700000046992437,10:16:47
606241597,3,2023-01-12,sell,25,132.35,1700000047692201,10:17:30
434556575,2,2023-01-12,buy,25,40.7,1500000045996834,10:22:45
434728368,2,2023-01-12,sell,25,34.15,1500000047848656,10:26:46
692137726,4,2023-01-12,buy,25,123.1,1800000052853998,10:27:09
692539418,4,2023-01-12,sell,25,150.65,1800000057153634,10:32:13
692906805,4,2023-01-12,buy,25,114.3,1800000063193142,10:41:53
692961723,4,2023-01-12,sell,25,124.55,1800000064253122,10:43:45
694163538,4,2023-01-12,buy,25,125.7,1800000084974364,11:27:35
694218198,4,2023-01-12,sell,25,109.5,1800000085901105,11:29:45
694628270,4,2023-01-12,buy,25,97.1,1800000092560260,11:43:56
694649253,4,2023-01-12,sell,25,92.15,1800000092985511,11:44:53
694661032,4,2023-01-12,buy,25,100.4,1800000093219785,11:45:23
694704630,4,2023-01-12,sell,25,86.65,1800000094043729,11:47:25
694723014,4,2023-01-12,buy,25,100.6,1800000094410051,11:48:16
694803089,4,2023-01-12,sell,25,103.15,1800000095931128,11:51:42
694821709,4,2023-01-12,buy,25,104.95,1800000096295015,11:52:41
694966871,4,2023-01-12,sell,25,141.7,1800000097805428,11:55:07
439287299,5,2023-01-12,buy,25,91.25,1500000098984089,12:38:12
439382385,5,2023-01-12,sell,25,100.0,1500000099995540,12:40:46
439759314,5,2023-01-12,buy,25,120.95,1500000103922722,12:52:09
439970560,5,2023-01-12,sell,25,183.6,1500000104986611,12:53:16
531611517,6,2023-01-12,buy,25,18.75,1600000153944168,14:33:47
531989906,6,2023-01-12,sell,25,20.2,1600000156926178,14:39:08
532134466,6,2023-01-12,buy,25,26.05,1600000158069673,14:41:35
532906708,6,2023-01-12,sell,25,36.65,1600000163447404,14:51:13
516636287,7,2023-01-13,buy,25,221.4,1600000011664680,09:35:04
516676306,7,2023-01-13,sell,25,226.05,1600000012236981,09:35:51
603471468,8,2023-01-13,buy,25,222.3,1700000028658689,09:59:56
603573345,8,2023-01-13,sell,25,215.65,1700000030950231,10:04:16
604030261,8,2023-01-13,buy,25,202.85,1700000042885137,10:31:05
604198231,8,2023-01-13,sell,25,202.6,1700000048393188,10:47:47
518590302,7,2023-01-13,buy,25,199.8,1600000065281028,12:27:26
518625830,7,2023-01-13,sell,25,206.7,1600000066463920,12:30:48
518718488,7,2023-01-13,buy,25,208.2,1600000069967620,12:41:29
518849035,7,2023-01-13,sell,25,221.7,1600000073234020,12:50:10
433639602,9,2023-01-13,buy,25,209.35,1500000086245627,12:58:37
433710359,9,2023-01-13,sell,25,210.9,1500000087627310,13:01:27
519376464,10,2023-01-13,buy,25,205.4,1600000084654356,13:16:14
519567323,10,2023-01-13,sell,25,214.45,1600000088678998,13:24:44
519874730,10,2023-01-13,buy,25,224.8,1600000096633305,13:44:33
519959435,10,2023-01-13,sell,25,223.0,1600000098578199,13:48:40
435442441,9,2023-01-13,buy,25,223.1,1500000134116167,14:54:05
435497717,9,2023-01-13,sell,25,236.1,1500000135734888,14:57:55
604638737,11,2023-01-16,buy,25,200.85,1700000053662229,11:18:55
604708167,11,2023-01-16,sell,25,207.8,1700000054791510,11:20:35
604792397,11,2023-01-16,buy,25,201.75,1700000056489647,11:24:24
604898458,11,2023-01-16,sell,25,191.5,1700000059263650,11:32:11
604932620,11,2023-01-16,buy,25,208.1,1700000060143507,11:35:03
605047125,11,2023-01-16,sell,25,198.0,1700000062726636,11:42:53
605076379,11,2023-01-16,buy,25,207.85,1700000063542172,11:45:46
605100898,11,2023-01-16,sell,25,199.45,1700000064251513,11:48:12
605128660,11,2023-01-16,buy,25,215.55,1700000064779810,11:49:59
605222678,11,2023-01-16,sell,25,211.35,1700000066359946,11:53:16
691339981,12,2023-01-16,buy,25,185.05,1800000069314856,11:59:33
691529323,12,2023-01-16,sell,25,182.65,1800000074122460,12:12:04
691562467,12,2023-01-16,buy,25,197.55,1800000074843107,12:14:09
691612849,12,2023-01-16,sell,25,204.35,1800000075669670,12:15:36
691699945,12,2023-01-16,buy,25,219.85,1800000077241602,12:18:54
691793534,12,2023-01-16,sell,25,220.3,1800000079168778,12:23:25
606402731,13,2023-01-16,buy,25,209.6,1700000092523913,13:02:54
606500443,13,2023-01-16,sell,25,180.0,1700000094470573,13:07:57
434121065,9,2023-01-16,buy,25,164.65,1500000081308111,13:09:02
434174052,9,2023-01-16,sell,25,172.45,1500000082150732,13:10:33
606734077,11,2023-01-16,buy,25,198.55,1700000099394809,13:18:22
606762105,11,2023-01-16,sell,25,189.45,1700000100080971,13:19:57
606780067,11,2023-01-16,buy,25,188.75,1700000100575033,13:21:08
607010002,11,2023-01-16,sell,25,199.6,1700000106865673,13:37:29
607079613,11,2023-01-16,buy,25,202.7,1700000108523709,13:41:53
607084187,11,2023-01-16,sell,25,207.7,1700000108650531,13:42:14
693079270,12,2023-01-16,buy,25,200.9,1800000111389558,13:45:04
693092582,12,2023-01-16,sell,25,204.7,1800000111616098,13:45:23
520796778,7,2023-01-16,buy,25,182.1,1600000096891687,13:52:44
520808943,7,2023-01-16,sell,25,186.45,1600000097245898,13:54:02
607769680,13,2023-01-16,buy,25,198.05,1700000123035151,14:14:33
607818354,13,2023-01-16,sell,25,198.5,1700000124253262,14:17:19
607825129,13,2023-01-16,buy,25,201.6,1700000124451211,14:17:47
607983126,13,2023-01-16,sell,25,222.9,1700000127874682,14:26:31
608313152,13,2023-01-16,buy,25,220.2,1700000135753674,14:42:54
608403432,13,2023-01-16,sell,25,226.1,1700000137948053,14:47:58
609106723,13,2023-01-16,buy,25,181.9,1700000155268889,15:25:48
609116575,13,2023-01-16,sell,25,185.1,1700000155390711,15:26:06
609119189,13,2023-01-16,buy,25,180.7,1700000155418506,15:26:12
609130215,13,2023-01-16,sell,25,185.0,1700000155568525,15:26:59
609133185,13,2023-01-16,buy,25,185.6,1700000155595589,15:27:05
602428666,13,2023-01-17,sell,25,181.25,1700000005509918,09:22:09
602467281,13,2023-01-17,buy,25,186.85,1700000006271927,09:23:27
602525243,13,2023-01-17,sell,25,207.2,1700000007173554,09:24:40
517382923,7,2023-01-17,buy,25,197.15,1600000022872032,09:50:46
517633925,7,2023-01-17,sell,25,207.55,1600000027322148,10:00:12
2797130,14,2023-01-17,buy,50,76.0,1000000028719480,10:34:07
2917047,14,2023-01-17,sell,50,75.05,1000000030142047,10:40:52
690437069,12,2023-01-17,buy,25,193.5,1800000054721117,11:25:51
690687833,12,2023-01-17,sell,25,158.2,1800000060643476,11:45:50
690714761,12,2023-01-17,buy,25,167.85,1800000061437139,11:49:30
690754525,12,2023-01-17,sell,25,167.9,1800000062485831,11:53:57
690832061,12,2023-01-17,buy,25,154.85,1800000064188010,12:00:01
690841488,12,2023-01-17,sell,25,160.4,1800000064362066,12:00:40
690852112,12,2023-01-17,buy,25,168.95,1800000064531168,12:01:09
690919551,12,2023-01-17,sell,25,176.3,1800000065996058,12:05:13
690936727,12,2023-01-17,buy,25,183.45,1800000066383420,12:06:30
691038844,12,2023-01-17,sell,25,182.75,1800000069061447,12:16:28
691104441,12,2023-01-17,buy,25,193.75,1800000070888511,12:23:33
691179433,12,2023-01-17,sell,25,204.55,1800000072158026,12:26:01
691248502,12,2023-01-17,buy,25,203.1,1800000073565009,12:29:29
691280222,12,2023-01-17,sell,25,208.15,1800000074194301,12:30:53
605534734,13,2023-01-17,buy,25,173.3,1700000074328696,12:32:33
605609930,13,2023-01-17,sell,25,173.25,1700000075768676,12:36:39
605630399,13,2023-01-17,buy,25,184.75,1700000076038457,12:37:09
605810550,13,2023-01-17,sell,25,192.4,1700000079102987,12:43:47
605841424,13,2023-01-17,buy,25,205.05,1700000079479435,12:44:30
606098593,13,2023-01-17,sell,25,207.8,1700000084049793,12:54:09
691902032,15,2023-01-17,buy,25,183.85,1800000085372035,12:54:53
692115601,15,2023-01-17,sell,25,179.55,1800000089506102,13:03:53
692159673,15,2023-01-17,buy,25,188.2,1800000090694999,13:07:23
692235586,15,2023-01-17,sell,25,198.45,1800000092083622,13:10:11
606820380,16,2023-01-17,buy,25,175.4,1700000096564240,13:24:35
606929258,16,2023-01-17,sell,25,197.1,1700000097937361,13:26:27
6573983,17,2023-01-17,buy,50,77.65,1000000081155062,14:36:07
6620805,17,2023-01-17,sell,50,82.15,1000000081655222,14:37:26
7193731,17,2023-01-17,buy,50,99.75,1000000088278167,15:01:43
7275103,17,2023-01-17,sell,50,99.55,1000000088997598,15:03:03
7299638,17,2023-01-17,buy,50,103.1,1000000089215731,15:03:32
7425852,17,2023-01-17,sell,50,104.95,1000000090327570,15:06:25
7485037,14,2023-01-17,buy,50,77.7,1000000090831649,15:07:59
7619750,14,2023-01-17,sell,50,79.2,1000000092120235,15:11:39
516130938,18,2023-01-18,buy,25,191.95,1600000000959652,09:16:15
516385122,18,2023-01-18,sell,25,205.95,1600000003764059,09:19:50
516593923,18,2023-01-18,buy,25,209.75,1600000006163784,09:23:12
516753935,18,2023-01-18,sell,25,150.8,1600000008006994,09:25:41
516882979,18,2023-01-18,buy,25,161.6,1600000009740678,09:28:27
517184300,18,2023-01-18,sell,25,162.35,1600000014413351,09:37:05
517208247,18,2023-01-18,buy,25,179.65,1600000014830094,09:37:55
517401060,18,2023-01-18,sell,25,209.0,1600000017145484,09:41:04
431592377,19,2023-01-18,buy,25,175.1,1500000018895207,09:43:18
431733958,19,2023-01-18,sell,25,184.95,1500000020623317,09:45:45
431844526,19,2023-01-18,buy,25,199.6,1500000021866234,09:47:38
432005553,19,2023-01-18,sell,25,207.0,1500000023717332,09:50:18
432043562,19,2023-01-18,buy,25,216.95,1500000024248464,09:51:06
432394534,19,2023-01-18,sell,25,214.5,1500000028902496,09:58:34
518885421,7,2023-01-18,buy,25,180.8,1600000036083835,10:13:28
519404709,7,2023-01-18,sell,25,155.35,1600000046674256,10:45:22
690729359,20,2023-01-18,buy,25,156.5,1800000046734687,10:46:00
690811698,20,2023-01-18,sell,25,160.9,1800000048927580,10:53:37
433577519,19,2023-01-18,buy,25,189.05,1500000050931397,10:58:29
433628321,19,2023-01-18,sell,25,196.95,1500000051887339,11:01:54
433709661,19,2023-01-18,buy,25,208.0,1500000053553932,11:07:48
433791012,19,2023-01-18,sell,25,219.4,1500000054913298,11:11:01
519870775,7,2023-01-18,buy,25,177.5,1600000056384199,11:16:27
519944794,7,2023-01-18,sell,25,185.5,1600000057470648,11:19:03
520816861,7,2023-01-18,buy,25,199.45,1600000072524259,11:58:15
520933157,7,2023-01-18,sell,25,180.65,1600000074912025,12:07:06
520956794,7,2023-01-18,buy,25,196.65,1600000075405983,12:08:16
521186207,7,2023-01-18,sell,25,195.45,1600000080892913,12:28:00
693410050,21,2023-01-18,buy,25,190.1,1800000101825256,13:41:12
693509199,21,2023-01-18,sell,25,196.45,1800000103952650,13:48:16
693526520,21,2023-01-18,buy,25,205.65,1800000104315397,13:49:31
693556276,21,2023-01-18,sell,25,217.8,1800000104773855,13:50:18
607963755,22,2023-01-18,buy,25,175.3,1700000108427428,13:56:56
608143750,22,2023-01-18,sell,25,184.15,1700000111950698,14:06:20
608190551,22,2023-01-18,buy,25,197.0,1700000112730285,14:07:44
608576884,22,2023-01-18,sell,25,144.2,1700000119973051,14:25:08
523097981,7,2023-01-18,buy,25,153.2,1600000121688284,14:27:16
523219532,7,2023-01-18,sell,25,175.55,1600000123568478,14:31:01
523358919,7,2023-01-18,buy,25,170.85,1600000125743945,14:35:39
523462623,7,2023-01-18,sell,25,163.8,1600000127614971,14:40:37
523479404,7,2023-01-18,buy,25,169.25,1600000127976868,14:41:45
523564231,7,2023-01-18,sell,25,173.45,1600000129671787,14:46:10
523740677,7,2023-01-18,buy,25,160.0,1600000132923790,14:54:11
523784807,7,2023-01-18,sell,25,160.4,1600000134034496,14:57:49
523809189,7,2023-01-18,buy,25,167.15,1600000134558739,14:59:29
523883889,7,2023-01-18,sell,25,140.35,1600000135337060,15:00:38
694968909,21,2023-01-18,buy,25,183.9,1800000130955412,15:00:50
695041304,21,2023-01-18,sell,25,172.6,1800000131572332,15:01:37
523988048,7,2023-01-18,buy,25,155.05,1600000136302581,15:01:47
524139175,7,2023-01-18,sell,25,146.1,1600000138987473,15:07:06
609597343,22,2023-01-18,buy,25,142.35,1700000138415586,15:10:10
602096077,22,2023-01-19,sell,25,197.85,1700000000442832,09:15:28
520737881,7,2023-01-19,buy,25,108.2,1600000050928592,11:03:15
521248714,7,2023-01-19,sell,25,46.4,1600000056095529,11:11:19
693349281,20,2023-01-19,buy,25,95.5,1800000065488302,11:11:42
693758037,20,2023-01-19,sell,25,108.7,1800000070625444,11:22:41
608308644,11,2023-01-19,buy,25,87.4,1700000073572128,11:24:12
609060885,11,2023-01-19,sell,25,38.7,1700000084136866,11:46:13
609159614,11,2023-01-19,buy,25,45.05,1700000085418988,11:48:31
611679835,11,2023-01-19,sell,25,60.9,1700000120973079,13:16:11
440554928,19,2023-01-19,buy,25,51.2,1500000123312504,14:06:13
441086782,19,2023-01-19,sell,25,59.6,1500000128436323,14:15:38
614756236,11,2023-01-19,buy,25,35.65,1700000152764015,14:24:40
615260573,11,2023-01-19,sell,25,32.7,1700000156791892,14:29:45
615431616,11,2023-01-19,buy,25,32.75,1700000158519140,14:32:34
615595239,11,2023-01-19,sell,25,40.15,1700000159924369,14:34:48
531489731,18,2023-01-19,buy,25,39.9,1600000151874502,15:12:34
531640168,18,2023-01-19,sell,25,20.0,1600000152530439,15:14:24
618506876,22,2023-01-19,buy,25,81.4,1700000179673219,15:16:01
618698989,22,2023-01-19,sell,25,76.35,1700000181079950,15:22:12
516140245,23,2023-01-24,buy,25,126.55,1600000001199006,09:16:54
516258820,23,2023-01-24,sell,25,121.65,1600000002452353,09:18:34
516750304,23,2023-01-24,buy,25,130.0,1600000009728717,09:33:00
517216692,23,2023-01-24,sell,25,124.35,1600000015736023,09:47:02
689064512,24,2023-01-24,buy,25,117.9,1800000017271354,09:53:44
689323913,24,2023-01-24,sell,25,146.65,1800000020614723,10:00:46
519722241,25,2023-01-24,buy,25,122.35,1600000058257749,12:48:20
519767676,25,2023-01-24,sell,25,124.55,1600000058940488,12:50:49
691969369,26,2023-01-24,buy,25,100.8,1800000067345670,12:52:58
691978416,26,2023-01-24,sell,25,105.85,1800000067600662,12:54:13
692037431,26,2023-01-24,buy,25,106.4,1800000069098079,13:01:37
692113902,26,2023-01-24,sell,25,114.9,1800000070906087,13:10:46
435878442,27,2023-01-24,buy,25,117.15,1500000088580493,14:36:20
435932347,27,2023-01-24,sell,25,104.35,1500000089422076,14:39:36
693575144,26,2023-01-24,buy,25,145.9,1800000097339137,14:39:47
693655197,26,2023-01-24,sell,25,159.2,1800000099060054,14:45:57
436233702,27,2023-01-24,buy,25,115.05,1500000094317709,14:58:38
436282235,27,2023-01-24,sell,25,118.4,1500000094865023,14:59:58
436377935,27,2023-01-24,buy,25,127.85,1500000095984323,15:02:10
436453212,27,2023-01-24,sell,25,111.1,1500000096954371,15:04:30
693969549,26,2023-01-24,buy,25,121.5,1800000105326138,15:04:45
694150003,26,2023-01-24,sell,25,100.2,1800000108504888,15:13:57
436728621,27,2023-01-24,buy,25,126.5,1500000100286906,15:14:09
436810940,27,2023-01-24,sell,25,118.25,1500000101176293,15:16:54
609020737,28,2023-01-24,buy,25,145.3,1700000109944597,15:17:19
609099260,28,2023-01-24,sell,25,152.45,1700000111020604,15:20:24
609101075,28,2023-01-24,buy,25,151.85,1700000111049457,15:20:30
609175905,28,2023-01-24,sell,25,160.4,1700000112221097,15:23:53
694412705,26,2023-01-24,buy,25,115.55,1800000112327566,15:24:12
694496995,26,2023-01-24,sell,25,118.4,1800000113263839,15:27:09
694499250,26,2023-01-24,buy,25,117.4,1800000113292009,15:27:16
688018496,26,2023-01-25,sell,25,147.55,1800000000102137,09:15:08
440124771,29,2023-01-25,buy,25,47.5,1500000087615948,12:05:18
440916641,29,2023-01-25,sell,25,20.95,1500000095825649,12:24:36
440969371,29,2023-01-25,buy,25,23.4,1500000096306174,12:25:42
442431576,29,2023-01-25,sell,25,32.4,1500000109425889,12:52:11
618345227,30,2023-01-25,buy,25,39.1,1700000179921130,14:15:00
619358189,30,2023-01-25,sell,25,93.25,1700000189846412,14:31:33
688812249,31,2023-01-27,buy,25,183.75,1800000011718406,09:34:43
689024975,31,2023-01-27,sell,25,161.05,1800000016903993,09:46:15
604008219,32,2023-02-01,buy,25,229.45,1700000047888428,10:40:14
604233106,32,2023-02-01,sell,25,205.1,1700000054792366,10:55:37
604259636,32,2023-02-01,buy,25,206.2,1700000055885874,10:58:34
604282814,32,2023-02-01,sell,25,214.25,1700000056434834,10:59:54
520316586,33,2023-02-01,buy,25,183.25,1600000097898939,12:09:09
520334422,33,2023-02-01,sell,25,176.1,1600000098441446,12:10:32
520340320,33,2023-02-01,buy,25,181.5,1600000098649798,12:11:05
520517843,33,2023-02-01,sell,25,160.0,1600000103051360,12:18:40
520554181,33,2023-02-01,buy,25,165.05,1600000103656488,12:19:28
520681660,33,2023-02-01,sell,25,207.45,1600000105740289,12:22:35
435267548,34,2023-02-01,buy,25,236.65,1500000113804223,12:26:08
435824926,34,2023-02-01,sell,25,214.65,1500000121786865,12:33:25
435885949,34,2023-02-01,buy,25,227.15,1500000122666201,12:34:21
435971653,34,2023-02-01,sell,25,228.4,1500000123548706,12:35:08
521899542,35,2023-02-01,buy,25,195.55,1600000121532633,12:38:11
522365725,35,2023-02-01,sell,25,197.0,1600000129742167,12:50:12
522440514,35,2023-02-01,buy,25,205.2,1600000130991493,12:51:45
522511635,35,2023-02-01,sell,25,202.35,1600000132058746,12:53:00
522554218,35,2023-02-01,buy,25,214.95,1600000132840560,12:54:03
522842503,35,2023-02-01,sell,25,299.55,1600000136692839,12:58:30
437444411,36,2023-02-01,buy,25,225.5,1500000143842307,12:59:46
437664838,36,2023-02-01,sell,25,207.9,1500000146062051,13:01:33
437740699,36,2023-02-01,buy,25,212.8,1500000147134047,13:02:43
437912146,36,2023-02-01,sell,25,180.9,1500000149482283,13:05:36
437977466,36,2023-02-01,buy,25,175.5,1500000150344438,13:06:39
439171381,37,2023-02-01,buy,25,128.2,1500000168594161,13:30:41
440717968,37,2023-02-01,sell,25,41.0,1500000190921423,13:59:47
440726364,36,2023-02-01,sell,25,28.45,1500000191009545,13:59:52
697233367,38,2023-02-01,buy,25,96.55,1800000180015928,14:00:04
697858933,38,2023-02-01,sell,25,83.75,1800000187569614,14:07:04
441305801,37,2023-02-01,buy,25,51.0,1500000197384451,14:07:14
441317170,36,2023-02-01,buy,25,34.25,1500000197548346,14:07:28
441697366,37,2023-02-01,sell,25,48.85,1500000203237416,14:15:04
441697369,36,2023-02-01,sell,25,33.3,1500000203237567,14:15:04
698310719,38,2023-02-01,buy,25,84.75,1800000195375544,14:16:25
698616577,38,2023-02-01,sell,25,95.5,1800000200224240,14:21:13
698628305,38,2023-02-01,buy,25,109.2,1800000200445397,14:21:25
699220841,38,2023-02-01,sell,25,134.3,1800000209406272,14:30:33
699258316,38,2023-02-01,buy,25,141.5,1800000210075181,14:31:15
699953708,38,2023-02-01,sell,25,152.0,1800000222212392,14:43:54
615515423,39,2023-02-01,buy,25,167.95,1700000234929484,14:44:43
615696723,39,2023-02-01,sell,25,228.35,1700000236504433,14:45:54
615760733,40,2023-02-01,buy,25,225.0,1700000237087564,14:46:20
615901758,40,2023-02-01,sell,25,280.2,1700000238460712,14:47:23
700534675,31,2023-02-01,buy,25,224.55,1800000228246461,14:48:40
700631285,31,2023-02-01,sell,25,247.2,1800000229358892,14:49:35
616314664,41,2023-02-01,buy,25,249.8,1700000242723824,14:50:50
616376036,41,2023-02-01,sell,25,271.05,1700000243319764,14:51:20
616430778,42,2023-02-01,buy,25,293.55,1700000243788656,14:51:47
616450245,42,2023-02-01,sell,25,329.0,1700000243971602,14:51:58
617892409,40,2023-02-01,buy,25,107.8,1700000263367423,15:14:20
617904574,40,2023-02-01,sell,25,122.05,1700000263545439,15:14:30
17203022,43,2023-02-01,buy,50,43.0,1000000198110743,15:17:29
102703186,44,2023-02-01,buy,50,41.7,1100000217253520,15:18:16
17327180,43,2023-02-01,sell,50,38.1,1000000199198950,15:19:49
102774332,44,2023-02-01,sell,50,52.35,1100000218022254,15:19:53
17453201,43,2023-02-01,buy,50,44.1,1000000200348194,15:21:56
102883228,44,2023-02-01,buy,50,47.35,1100000219259219,15:22:00
17862146,43,2023-02-01,sell,50,32.1,1000000202974736,15:29:34
17867784,45,2023-02-01,buy,50,45.0,1000000202991777,15:29:39
86102563,44,2023-02-02,sell,50,71.15,1100000000441990,09:15:25
93473,45,2023-02-02,sell,50,32.75,1000000000409447,09:15:25
86245582,44,2023-02-02,buy,50,108.4,1100000001350409,09:16:07
86432131,44,2023-02-02,sell,50,119.7,1100000002908008,09:17:13
432604408,46,2023-02-02,buy,25,202.55,1500000021486264,09:39:40
432650109,46,2023-02-02,sell,25,202.55,1500000021917881,09:40:04
432694818,46,2023-02-02,buy,25,226.85,1500000022293549,09:40:23
432767860,46,2023-02-02,sell,25,221.5,1500000023161891,09:41:14
432807861,46,2023-02-02,buy,25,227.25,1500000023667596,09:41:45
432894338,46,2023-02-02,sell,25,262.75,1500000024537428,09:42:33
535942957,47,2023-02-02,buy,25,33.75,1600000221683020,14:47:10
536132842,47,2023-02-02,sell,25,13.1,1600000223032869,14:48:39
430332873,48,2023-02-03,buy,25,219.75,1500000004377091,09:20:37
430471365,48,2023-02-03,sell,25,189.1,1500000006845380,09:24:06
430528060,48,2023-02-03,buy,25,192.1,1500000007908683,09:25:48
430702286,48,2023-02-03,sell,25,205.75,1500000010874511,09:30:12
517016901,49,2023-02-03,buy,25,187.6,1600000022372191,09:53:20
517100422,49,2023-02-03,sell,25,206.05,1600000024358246,09:57:16
604139675,50,2023-02-03,buy,25,216.9,1700000049097900,10:35:17
604202532,50,2023-02-03,sell,25,221.3,1700000050576456,10:37:29
604229071,50,2023-02-03,buy,25,224.0,1700000051319824,10:38:50
604276678,50,2023-02-03,sell,25,229.1,1700000052320288,10:40:11
689944732,51,2023-02-03,buy,25,220.8,1800000051356025,10:42:01
690045763,51,2023-02-03,sell,25,228.2,1800000053516893,10:45:11
605232274,52,2023-02-03,buy,25,219.45,1700000077841256,11:26:02
605431525,52,2023-02-03,sell,25,251.25,1700000081498031,11:31:22
520501899,49,2023-02-03,buy,25,197.6,1600000120417426,14:21:39
520543434,49,2023-02-03,sell,25,196.15,1600000121261868,14:23:08
520557306,49,2023-02-03,buy,25,202.05,1600000121608359,14:24:02
520614288,49,2023-02-03,sell,25,215.0,1600000122641685,14:26:18
520874325,53,2023-02-03,buy,25,206.35,1600000126467143,14:32:13
521122348,53,2023-02-03,sell,25,199.5,1600000131866054,14:41:21
516086204,53,2023-02-06,buy,25,241.85,1600000000725496,09:16:08
516250221,53,2023-02-06,sell,25,220.1,1600000003055461,09:19:12
688283042,54,2023-02-06,buy,25,234.85,1800000004292442,09:20:15
688465510,54,2023-02-06,sell,25,237.9,1800000008226571,09:25:52
1918422,55,2023-02-06,buy,50,98.95,1000000022907310,10:07:15
2364575,55,2023-02-06,sell,50,76.85,1000000029166977,10:29:11
88531591,56,2023-02-06,buy,50,84.45,1100000037454123,10:29:31
88650912,56,2023-02-06,sell,50,91.45,1100000038819115,10:31:13
2919584,55,2023-02-06,buy,50,76.3,1000000037978539,10:59:37
2956739,55,2023-02-06,sell,50,74.25,1000000038578488,11:01:58
2960614,55,2023-02-06,buy,50,76.75,1000000038658721,11:02:22
2977285,55,2023-02-06,sell,50,79.75,1000000038920374,11:03:12
3271026,55,2023-02-06,buy,50,86.3,1000000044004744,11:25:01
3450573,55,2023-02-06,sell,50,74.7,1000000047297041,11:40:27
89762203,56,2023-02-06,buy,50,78.95,1100000062198126,11:40:41
89840638,56,2023-02-06,sell,50,71.25,1100000064143653,11:49:40
89851239,56,2023-02-06,buy,50,72.25,1100000064440653,11:51:11
91524745,56,2023-02-06,sell,50,51.75,1100000100972744,14:06:32
91536076,56,2023-02-06,buy,50,52.8,1100000101270238,14:07:39
91696890,56,2023-02-06,sell,50,58.5,1100000105007771,14:21:16
91924559,56,2023-02-06,buy,50,60.55,1100000110383211,14:41:02
91948057,56,2023-02-06,sell,50,60.15,1100000111028260,14:43:19
92076885,56,2023-02-06,buy,50,63.15,1100000113943388,14:54:10
86067745,56,2023-02-07,sell,50,52.8,1100000000447311,09:15:52
430357773,48,2023-02-07,buy,25,196.4,1500000005708449,09:24:48
430403981,48,2023-02-07,sell,25,197.35,1500000006580463,09:26:12
430487550,48,2023-02-07,buy,25,198.5,1500000008484465,09:30:09
430500653,48,2023-02-07,sell,25,187.35,1500000008784025,09:30:39
430523858,48,2023-02-07,buy,25,199.0,1500000009316316,09:31:49
430575623,48,2023-02-07,sell,25,206.05,1500000010207603,09:33:19
688600325,54,2023-02-07,buy,25,183.95,1800000012333343,09:35:20
688666636,54,2023-02-07,sell,25,191.0,1800000013265131,09:36:17
688837987,54,2023-02-07,buy,25,196.0,1800000017836686,09:45:31
689015236,54,2023-02-07,sell,25,196.25,1800000021945478,09:53:53
689039430,54,2023-02-07,buy,25,199.6,1800000022668603,09:55:32
689099504,54,2023-02-07,sell,25,175.7,1800000024399242,10:00:34
689191867,54,2023-02-07,buy,25,181.55,1800000026765294,10:06:14
689258783,54,2023-02-07,sell,25,190.0,1800000028481212,10:10:13
689275586,54,2023-02-07,buy,25,201.9,1800000028842686,10:11:04
689615266,54,2023-02-07,sell,25,147.35,1800000038718029,10:39:17
689639581,54,2023-02-07,buy,25,147.95,1800000039178838,10:39:56
689847699,54,2023-02-07,sell,25,157.8,1800000045252239,10:59:10
689877272,54,2023-02-07,buy,25,166.35,1800000046036756,11:01:27
689948825,54,2023-02-07,sell,25,150.9,1800000048038870,11:07:36
689962923,54,2023-02-07,buy,25,154.65,1800000048573596,11:09:46
690157830,54,2023-02-07,sell,25,168.75,1800000053935547,11:28:06
604314015,57,2023-02-07,buy,25,147.95,1700000054645139,11:30:00
604576662,57,2023-02-07,sell,25,127.3,1700000061006853,11:51:25
604586621,57,2023-02-07,buy,25,135.65,1700000061253661,11:52:03
604946487,57,2023-02-07,sell,25,162.35,1700000069981537,12:21:29
604976852,57,2023-02-07,buy,25,169.35,1700000070700915,12:23:07
605028634,57,2023-02-07,sell,25,161.15,1700000072184138,12:26:46
605089207,57,2023-02-07,buy,25,164.05,1700000073700993,12:30:12
605252683,57,2023-02-07,sell,25,164.4,1700000077672384,12:38:50
605284513,57,2023-02-07,buy,25,164.95,1700000078704991,12:41:32
605329293,57,2023-02-07,sell,25,167.0,1700000080089079,12:45:36
605370741,57,2023-02-07,buy,25,165.35,1700000081269032,12:48:27
605491296,57,2023-02-07,sell,25,199.6,1700000082635749,12:50:56
691315080,58,2023-02-07,buy,25,179.05,1800000081960252,12:51:24
691446476,58,2023-02-07,sell,25,187.75,1800000084382241,12:55:15
691639763,58,2023-02-07,buy,25,193.7,1800000088689946,13:04:11
691728519,58,2023-02-07,sell,25,217.55,1800000090036337,13:05:44
691798393,58,2023-02-07,buy,25,218.6,1800000091480672,13:08:22
692297813,58,2023-02-07,sell,25,118.65,1800000103317539,13:32:31
433840383,59,2023-02-07,buy,25,85.45,1500000091164761,13:32:38
433893772,59,2023-02-07,sell,25,77.85,1500000092008674,13:33:53
433916640,59,2023-02-07,buy,25,81.85,1500000092474999,13:34:55
434749085,59,2023-02-07,sell,25,85.1,1500000108928764,14:12:55
520687255,53,2023-02-07,buy,25,111.45,1600000107080352,14:20:04
520804413,53,2023-02-07,sell,25,105.6,1600000110203281,14:30:23
520866143,53,2023-02-07,buy,25,115.9,1600000111857835,14:35:38
521004147,53,2023-02-07,sell,25,125.55,1600000114186233,14:40:50
435319289,59,2023-02-07,buy,25,113.7,1500000121020454,14:46:54
435351327,59,2023-02-07,sell,25,113.35,1500000121583555,14:47:56
435541505,59,2023-02-07,buy,25,122.15,1500000125051316,14:56:13
435582355,59,2023-02-07,sell,25,112.9,1500000125758217,14:57:41
688994324,60,2023-02-08,buy,25,115.05,1800000019219212,09:51:28
689045503,60,2023-02-08,sell,25,117.7,1800000020208175,09:53:15
689453408,60,2023-02-08,buy,25,90.3,1800000027325125,10:08:11
689576556,60,2023-02-08,sell,25,120.4,1800000028907681,10:10:06
519712444,49,2023-02-08,buy,25,158.0,1600000062178612,11:15:28
520109264,49,2023-02-08,sell,25,164.3,1600000069704744,11:41:32
602684514,61,2023-02-09,buy,25,108.3,1700000006936604,09:22:02
602868306,61,2023-02-09,sell,25,105.0,1700000009359365,09:25:20
602959139,61,2023-02-09,buy,25,133.15,1700000010146386,09:26:08
603441664,61,2023-02-09,sell,25,188.8,1700000014748873,09:30:26
430167119,62,2023-02-13,buy,25,201.65,1500000001995348,09:18:05
430272893,62,2023-02-13,sell,25,197.55,1500000003330511,09:20:17
603305977,63,2023-02-13,buy,25,196.75,1700000024080295,09:59:35
603396387,63,2023-02-13,sell,25,200.85,1700000025894038,10:02:38
603636922,64,2023-02-13,buy,25,196.05,1700000029061210,10:06:28
603919737,64,2023-02-13,sell,25,176.85,1700000034530253,10:15:16
603947415,64,2023-02-13,buy,25,175.25,1700000035222092,10:16:50
604137417,64,2023-02-13,sell,25,142.85,1700000040198214,10:31:53
604170306,64,2023-02-13,buy,25,144.1,1700000040839433,10:33:34
604543739,64,2023-02-13,sell,25,140.9,1700000051196716,11:10:31
604570334,64,2023-02-13,buy,25,145.55,1700000052026588,11:13:33
604617487,64,2023-02-13,sell,25,138.85,1700000053495115,11:18:20
604662558,64,2023-02-13,buy,25,145.65,1700000055104061,11:24:52
604729206,64,2023-02-13,sell,25,152.65,1700000056735698,11:30:30
604734930,64,2023-02-13,buy,25,156.2,1700000056873636,11:30:59
604811974,64,2023-02-13,sell,25,168.8,1700000058133451,11:33:27
604838924,64,2023-02-13,buy,25,169.0,1700000058628587,11:34:46
605191937,64,2023-02-13,sell,25,165.65,1700000067288971,12:07:22
605263107,64,2023-02-13,buy,25,158.55,1700000068987450,12:12:16
605431671,64,2023-02-13,sell,25,184.15,1700000071653092,12:18:33
605525478,64,2023-02-13,buy,25,202.55,1700000073441117,12:22:34
605599327,64,2023-02-13,sell,25,188.5,1700000074646876,12:25:26
519475005,65,2023-02-13,buy,25,189.0,1600000069767217,13:09:19
519599445,65,2023-02-13,sell,25,194.85,1600000072238751,13:19:40
519627722,65,2023-02-13,buy,25,196.05,1600000072797723,13:21:19
519699318,65,2023-02-13,sell,25,203.4,1600000074161248,13:26:44
519915511,65,2023-02-13,buy,25,196.75,1600000079915568,13:55:22
519940780,65,2023-02-13,sell,25,198.05,1600000080528491,13:58:08
520392537,65,2023-02-13,buy,25,209.6,1600000090438289,14:36:31
520550502,65,2023-02-13,sell,25,186.65,1600000093831709,14:47:39
693043556,66,2023-02-13,buy,25,174.35,1800000111685189,14:48:30
693059750,66,2023-02-13,sell,25,163.35,1800000112040597,14:49:20
693083520,66,2023-02-13,buy,25,175.0,1800000112654795,14:51:10
693603168,66,2023-02-13,sell,25,182.3,1800000124139404,15:29:11
693607030,66,2023-02-13,buy,25,183.3,1800000124168763,15:29:18
688610625,66,2023-02-14,sell,25,158.6,1800000009835546,09:31:15
602859306,64,2023-02-14,buy,25,116.65,1700000013870990,09:40:28
603051262,64,2023-02-14,sell,25,151.45,1700000016515872,09:45:27
519787557,67,2023-02-14,buy,25,121.4,1600000062524180,13:05:11
519877703,67,2023-02-14,sell,25,121.35,1600000064846775,13:16:09
519907024,67,2023-02-14,buy,25,123.95,1600000065672045,13:20:15
519951084,67,2023-02-14,sell,25,126.9,1600000066381542,13:22:30
520584308,67,2023-02-14,buy,25,148.3,1600000076567865,13:54:47
520989492,67,2023-02-14,sell,25,196.15,1600000081748490,14:03:46
435006016,62,2023-02-14,buy,25,151.55,1500000081902599,14:05:05
435634554,62,2023-02-14,sell,25,183.85,1500000092855730,14:36:20
521718797,68,2023-02-14,buy,25,145.7,1600000094551182,14:40:20
437917057,62,2023-02-15,buy,25,97.05,1500000110604711,15:06:31
438036927,62,2023-02-15,sell,25,106.4,1500000111806722,15:07:51
438054509,62,2023-02-15,buy,25,111.85,1500000112002227,15:08:06
438559575,62,2023-02-15,sell,25,119.05,1500000118229716,15:19:55
438565839,62,2023-02-15,buy,25,122.35,1500000118286341,15:20:01
438740733,62,2023-02-15,sell,25,128.0,1500000120036140,15:22:55
438743160,62,2023-02-15,buy,25,127.8,1500000120068738,15:22:59
430428713,62,2023-02-16,sell,25,190.65,1500000002819752,09:17:42
516406694,68,2023-02-16,sell,25,126.5,1600000002627959,09:17:42
517361749,68,2023-02-16,buy,25,151.9,1600000011632210,09:28:32
517465882,68,2023-02-16,sell,25,127.95,1600000012749306,09:30:13
517583424,68,2023-02-16,buy,25,133.7,1600000013932460,09:31:46
517681463,68,2023-02-16,sell,25,130.65,1600000015056931,09:33:26
517842565,68,2023-02-16,buy,25,133.35,1600000017080016,09:37:21
520150590,68,2023-02-16,sell,25,75.9,1600000043085773,10:41:43
520278589,68,2023-02-16,buy,25,86.45,1600000044942376,10:46:36
520402308,68,2023-02-16,sell,25,85.3,1600000046514410,10:50:37
520566044,68,2023-02-16,buy,25,89.1,1600000048859944,10:57:32
520665438,68,2023-02-16,sell,25,85.3,1600000050097686,11:00:46
520702972,68,2023-02-16,buy,25,91.65,1600000050618743,11:02:21
520756395,68,2023-02-16,sell,25,80.6,1600000051396125,11:04:56
520845948,68,2023-02-16,buy,25,88.0,1600000052522099,11:07:01
521428515,68,2023-02-16,sell,25,53.1,1600000060897866,11:38:34
693679165,69,2023-02-16,buy,25,53.15,1800000063401695,11:40:14
694002127,69,2023-02-16,sell,25,43.65,1800000066920721,11:47:40
694156948,69,2023-02-16,buy,25,50.05,1800000068922663,11:54:12
694294002,69,2023-02-16,sell,25,52.8,1800000070063228,11:55:36
522103808,68,2023-02-16,buy,25,56.7,1600000068445584,11:56:45
522326793,68,2023-02-16,sell,25,56.25,1600000071222185,12:04:41
695370646,69,2023-02-16,buy,50,69.3,1800000083429273,12:36:42
695445884,69,2023-02-16,sell,50,85.75,1800000083877827,12:37:10
610022041,70,2023-02-16,buy,25,62.25,1700000088915584,12:40:03
610079670,70,2023-02-16,sell,25,70.95,1700000089339489,12:40:22
525644858,68,2023-02-16,buy,25,72.1,1600000105864626,13:29:14
526286437,68,2023-02-16,sell,25,59.05,1600000112940594,13:44:03
602258576,71,2023-02-17,buy,25,212.5,1700000003721946,09:20:24
602450887,71,2023-02-17,sell,25,213.2,1700000007017021,09:25:37
517072298,72,2023-02-17,buy,25,215.0,1600000018859090,09:56:40
517141831,72,2023-02-17,sell,25,192.35,1600000020140427,09:58:55
517182131,72,2023-02-17,buy,25,205.0,1600000020874009,10:00:29
517294870,72,2023-02-17,sell,25,202.15,1600000023489033,10:09:58
603353942,71,2023-02-17,buy,25,203.2,1700000027987204,10:14:57
603488576,71,2023-02-17,sell,25,204.6,1700000030431614,10:20:33
603511774,71,2023-02-17,buy,25,206.5,1700000031021722,10:22:24
603672525,71,2023-02-17,sell,25,211.7,1700000034932001,10:35:04
690129434,73,2023-02-17,buy,25,211.4,1800000043659512,11:11:46
690987831,73,2023-02-17,sell,25,253.65,1800000063446297,12:21:30
605045075,74,2023-02-17,buy,25,205.95,1700000066372931,12:23:42
605171904,74,2023-02-17,sell,25,223.45,1700000068985923,12:31:06
691577459,75,2023-02-17,buy,25,225.0,1800000077079351,12:56:40
691746316,75,2023-02-17,sell,25,252.25,1800000079656458,13:00:07
605912884,76,2023-02-17,buy,25,227.95,1700000083041605,13:01:09
606237362,76,2023-02-17,sell,25,254.4,1700000089421122,13:12:17
692658021,77,2023-02-17,buy,25,236.75,1800000102341410,13:46:04
692881399,77,2023-02-17,sell,25,219.25,1800000108166622,13:56:39
693323148,75,2023-02-17,buy,25,233.05,1800000123367459,14:34:56
693355492,75,2023-02-17,sell,25,241.4,1800000124154852,14:36:53
690793782,75,2023-02-20,buy,25,209.85,1800000052010216,11:38:16
690880395,75,2023-02-20,sell,25,227.15,1800000053169763,11:40:13
605935284,76,2023-02-20,buy,25,198.7,1700000068492536,12:14:56
605964528,76,2023-02-20,sell,25,191.15,1700000069092072,12:16:25
606244261,76,2023-02-20,buy,25,200.15,1700000076190613,12:40:03
606447767,76,2023-02-20,sell,25,214.15,1700000079788909,12:46:58
692613122,77,2023-02-20,buy,25,205.0,1800000093595084,13:42:25
692978555,77,2023-02-20,sell,25,206.05,1800000102500854,14:06:35
692985996,77,2023-02-20,buy,25,215.75,1800000102657494,14:07:01
693120144,77,2023-02-20,sell,25,215.2,1800000105920688,14:15:18
608007293,78,2023-02-20,buy,25,201.0,1700000114582614,14:19:27
608081588,78,2023-02-20,sell,25,213.8,1700000115936536,14:22:07
693965793,79,2023-02-20,buy,25,182.1,1800000121252750,14:43:07
688041376,79,2023-02-21,sell,25,156.4,1800000000292480,09:15:34
688323078,79,2023-02-21,buy,25,202.3,1800000004088007,09:20:21
688499975,79,2023-02-21,sell,25,206.0,1800000006522149,09:23:37
604692491,76,2023-02-21,buy,25,193.35,1700000045704066,10:43:34
604721035,76,2023-02-21,sell,25,194.15,1700000046655941,10:47:04
433347750,80,2023-02-21,buy,25,198.05,1500000049176499,11:10:48
433382957,80,2023-02-21,sell,25,197.25,1500000049920603,11:13:15
433416544,80,2023-02-21,buy,25,208.0,1500000050575709,11:16:14
433486539,80,2023-02-21,sell,25,219.45,1500000051400134,11:17:32
520037427,81,2023-02-21,buy,25,176.5,1600000066546510,12:16:05
521445015,81,2023-02-21,sell,25,168.3,1600000096307454,14:05:17
521539876,81,2023-02-21,buy,25,161.85,1600000098625916,14:14:29
522161829,81,2023-02-21,sell,25,153.55,1600000110156727,14:50:16
522211583,81,2023-02-21,buy,25,139.1,1600000111061168,14:52:19
522247642,81,2023-02-21,sell,25,124.35,1600000111770554,14:53:57
694830687,79,2023-02-21,buy,25,137.7,1800000126040932,14:54:56
694887281,79,2023-02-21,sell,25,149.05,1800000126789196,14:55:50
694897024,79,2023-02-21,buy,25,156.7,1800000126930197,14:56:02
688041349,79,2023-02-22,sell,25,191.6,1800000000197817,09:15:16
605767918,82,2023-02-22,buy,25,198.2,1700000055681743,11:02:47
605865052,82,2023-02-22,sell,25,194.0,1700000057063453,11:05:41
605951682,82,2023-02-22,buy,25,204.0,1700000058346118,11:08:16
605974755,82,2023-02-22,sell,25,205.85,1700000058572373,11:08:31
522611579,83,2023-02-22,buy,25,88.6,1600000095215465,14:28:30
522684791,83,2023-02-22,sell,25,103.0,1600000096000505,14:29:34
437148439,84,2023-02-22,buy,25,85.05,1500000100048889,14:30:39
437767283,84,2023-02-22,sell,25,78.0,1500000108653577,14:50:37
697445344,85,2023-02-22,buy,25,65.75,1800000164489327,15:29:05
688392324,85,2023-02-23,sell,25,81.2,1800000003049414,09:17:43
689448454,85,2023-02-23,buy,25,103.45,1800000015043851,09:30:43
689629025,85,2023-02-23,sell,25,111.1,1800000017060229,09:33:41
690387661,86,2023-02-23,buy,25,80.2,1800000025930092,09:45:03
690493680,86,2023-02-23,sell,25,84.05,1800000027017317,09:46:12
690612391,86,2023-02-23,buy,25,117.3,1800000028083574,09:47:08
690929547,86,2023-02-23,sell,25,80.0,1800000031390400,09:50:20
518454855,87,2023-02-23,buy,25,93.15,1600000021481408,09:50:39
518749671,87,2023-02-23,sell,25,159.3,1600000023789158,09:54:11
446745019,88,2023-02-23,buy,25,46.95,1500000151974038,14:02:12
446838071,88,2023-02-23,sell,25,38.0,1500000152690947,14:03:26
446979277,88,2023-02-23,buy,25,34.6,1500000153845572,14:05:41
447352589,88,2023-02-23,sell,25,29.25,1500000157073987,14:12:10
447654827,88,2023-02-23,buy,25,32.75,1500000159349561,14:17:04
447826118,88,2023-02-23,sell,25,45.3,1500000160316764,14:18:06
602898753,89,2023-02-24,buy,25,249.1,1700000012519464,09:35:16
603110371,89,2023-02-24,sell,25,265.05,1700000015974904,09:41:06
689190719,90,2023-02-24,buy,25,248.8,1800000020234198,09:52:20
689282593,90,2023-02-24,sell,25,205.35,1800000022161713,09:56:24
689302786,90,2023-02-24,buy,25,212.9,1800000022618962,09:57:25
689336599,90,2023-02-24,sell,25,231.15,1800000023259511,09:58:56
689365413,90,2023-02-24,buy,25,237.35,1800000023861033,10:00:42
689478399,90,2023-02-24,sell,25,245.15,1800000026679913,10:09:12
689985220,90,2023-02-24,buy,25,245.1,1800000038831651,10:44:18
690040077,90,2023-02-24,sell,25,257.8,1800000039649086,10:45:51
604750378,91,2023-02-24,buy,25,247.8,1700000049245544,11:01:07
605451308,91,2023-02-24,sell,25,208.45,1700000062535368,11:41:10
605476595,91,2023-02-24,buy,25,222.0,1700000063063298,11:42:42
606102438,91,2023-02-24,sell,25,226.5,1700000075980919,12:22:08
606148031,91,2023-02-24,buy,25,230.3,1700000076954176,12:25:20
606211617,91,2023-02-24,sell,25,231.0,1700000078237985,12:29:18
606260139,91,2023-02-24,buy,25,231.35,1700000079350433,12:32:50
606546325,91,2023-02-24,sell,25,242.8,1700000086539442,12:55:34
691919209,92,2023-02-24,buy,25,225.7,1800000082957276,13:03:07
692030529,92,2023-02-24,sell,25,197.15,1800000085488410,13:10:29
692713363,92,2023-02-24,buy,25,214.35,1800000104140205,14:08:47
692797960,92,2023-02-24,sell,25,227.5,1800000105394306,14:11:01
693123190,92,2023-02-24,buy,25,227.95,1800000112010459,14:27:10
688158751,92,2023-02-27,sell,25,231.9,1800000001632952,09:17:17
602315470,93,2023-02-27,buy,25,206.2,1700000003666404,09:19:36
602353429,93,2023-02-27,sell,25,213.9,1700000004214629,09:20:12
433757617,94,2023-02-27,buy,25,180.55,1500000059100028,11:36:18
433849865,94,2023-02-27,sell,25,210.7,1500000059749593,11:37:17
607295828,89,2023-02-28,buy,25,178.85,1700000092603061,14:09:17
607517491,89,2023-02-28,sell,25,189.6,1700000095911268,14:15:07
521658176,95,2023-02-28,buy,25,179.1,1600000080545557,14:29:22
521731459,95,2023-02-28,sell,25,184.15,1600000081409947,14:31:47
430032456,94,2023-03-01,buy,25,181.1,1500000000140851,09:15:12
430077974,94,2023-03-01,sell,25,193.2,1500000000428993,09:15:36
430216396,94,2023-03-01,buy,25,210.0,1500000001631701,09:17:08
430450640,94,2023-03-01,sell,25,211.3,1500000004133539,09:20:46
430481181,94,2023-03-01,buy,25,219.0,1500000004389630,09:21:06
430552259,94,2023-03-01,sell,25,230.6,1500000004966500,09:21:44
517220553,96,2023-03-01,buy,25,192.2,1600000012526691,09:37:13
517369910,96,2023-03-01,sell,25,189.85,1600000014104496,09:40:14
517645580,96,2023-03-01,buy,25,195.1,1600000017624950,09:49:15
517913860,96,2023-03-01,sell,25,173.2,1600000020651424,09:56:20
517923845,96,2023-03-01,buy,25,181.2,1600000020785719,09:56:52
517951196,96,2023-03-01,sell,25,172.75,1600000021175044,09:58:12
518001401,96,2023-03-01,buy,25,184.55,1600000021894284,10:01:02
518268543,96,2023-03-01,sell,25,212.5,1600000024914440,10:10:57
521382297,96,2023-03-01,buy,25,203.05,1600000068123930,12:22:12
521407981,96,2023-03-01,sell,25,209.3,1600000068375906,12:22:40
437974004,97,2023-03-01,buy,25,188.6,1500000106697300,14:29:07
438066670,97,2023-03-01,sell,25,187.4,1500000107780063,14:31:05
430026870,97,2023-03-02,buy,25,176.45,1500000000118537,09:15:08
430144484,97,2023-03-02,sell,25,196.45,1500000000754312,09:15:51
516350708,98,2023-03-02,buy,25,148.55,1600000002251262,09:17:28
516817314,98,2023-03-02,sell,25,115.8,1600000006438313,09:22:03
688879157,99,2023-03-02,buy,25,125.0,1800000007518493,09:23:17
688987021,99,2023-03-02,sell,25,119.2,1800000008592639,09:24:40
431195718,97,2023-03-02,buy,25,142.3,1500000010329143,09:26:42
431456863,97,2023-03-02,sell,25,115.75,1500000012854349,09:29:46
431656481,97,2023-03-02,buy,25,125.15,1500000014880339,09:31:54
432335699,97,2023-03-02,sell,25,121.25,1500000022470597,09:45:51
432739693,97,2023-03-02,buy,25,119.75,1500000027025008,09:55:31
432831703,97,2023-03-02,sell,25,121.6,1500000027892373,09:56:52
690930214,99,2023-03-02,buy,25,172.95,1800000030420992,09:59:04
690966237,99,2023-03-02,sell,25,165.6,1800000030997825,10:00:18
433038097,97,2023-03-02,buy,25,124.5,1500000030028046,10:00:50
433133849,97,2023-03-02,sell,25,128.85,1500000030959362,10:02:06
433206635,97,2023-03-02,buy,25,137.35,1500000031661822,10:03:18
433343862,97,2023-03-02,sell,25,132.4,1500000032675122,10:04:32
605346334,100,2023-03-02,buy,25,112.8,1700000037243202,10:06:58
606048590,100,2023-03-02,sell,25,98.45,1700000045299690,10:20:34
434834068,97,2023-03-02,buy,25,140.0,1500000048144910,10:39:35
435136574,97,2023-03-02,sell,25,143.2,1500000051073753,10:45:46
611532530,100,2023-03-02,buy,25,97.95,1700000103815766,12:57:43
612529121,100,2023-03-02,sell,25,94.35,1700000112872830,13:11:02
612652560,100,2023-03-02,buy,25,99.85,1700000114063270,13:12:56
612925860,100,2023-03-02,sell,25,101.5,1700000116458098,13:16:18
612941540,100,2023-03-02,buy,25,109.45,1700000116631315,13:16:42
613867476,100,2023-03-02,sell,25,135.95,1700000125231960,13:33:42
700197633,101,2023-03-02,buy,25,79.65,1800000119722024,13:34:51
700405934,101,2023-03-02,sell,25,94.6,1800000121101579,13:36:10
346639772,102,2023-03-02,buy,25,197.8,1400000092903483,15:23:20
346860805,102,2023-03-02,sell,25,205.2,1400000095496237,15:27:19
346865003,102,2023-03-02,buy,25,205.0,1400000095553127,15:27:24
346966607,102,2023-03-02,sell,25,211.85,1400000096649701,15:29:04
346973388,102,2023-03-02,buy,25,212.55,1400000096725654,15:29:12
602041186,102,2023-03-03,sell,25,87.0,1700000000235003,09:15:27
517880229,103,2023-03-03,buy,25,137.6,1600000023074642,10:13:40
517944271,103,2023-03-03,sell,25,153.45,1600000023757030,10:15:06
432360963,104,2023-03-03,buy,25,147.25,1500000029087126,10:21:14
432372940,104,2023-03-03,sell,25,144.25,1500000029229635,10:21:36
432781982,104,2023-03-03,buy,25,148.55,1500000035735815,10:40:36
432912070,104,2023-03-03,sell,25,157.3,1500000037672025,10:45:31
433113433,105,2023-03-03,buy,25,147.15,1500000039774860,10:48:14
433208976,105,2023-03-03,sell,25,147.05,1500000040770036,10:49:16
519233874,106,2023-03-03,buy,25,152.1,1600000042537405,11:02:24
519243596,106,2023-03-03,sell,25,155.55,1600000042764479,11:03:15
519460622,106,2023-03-03,buy,25,150.45,1600000046509253,11:14:56
519497846,106,2023-03-03,sell,25,151.85,1600000047203956,11:16:55
520076613,106,2023-03-03,buy,25,166.0,1600000058312750,12:01:07
520094095,106,2023-03-03,sell,25,169.05,1600000058658592,12:02:15
434674110,105,2023-03-03,buy,25,151.95,1500000065950193,12:11:13
434713982,105,2023-03-03,sell,25,146.9,1500000066575036,12:13:04
520487110,106,2023-03-03,buy,25,157.1,1600000067073775,12:38:47
520522242,106,2023-03-03,sell,25,147.0,1600000067808612,12:41:46
520594644,106,2023-03-03,buy,25,145.9,1600000069173660,12:46:31
520614341,106,2023-03-03,sell,25,150.9,1600000069532976,12:47:53
520687566,106,2023-03-03,buy,25,149.0,1600000071246472,12:57:40
520782618,106,2023-03-03,sell,25,145.1,1600000073392245,13:07:54
520808549,106,2023-03-03,buy,25,148.2,1600000074256386,13:13:06
520889019,106,2023-03-03,sell,25,161.75,1600000075986878,13:20:39
520919137,106,2023-03-03,buy,25,167.05,1600000076576419,13:23:08
520948883,106,2023-03-03,sell,25,165.2,1600000077107101,13:25:11
435653195,105,2023-03-03,buy,25,144.45,1500000085138906,13:33:36
435705435,105,2023-03-03,sell,25,146.8,1500000085863109,13:35:31
436211298,105,2023-03-03,buy,25,148.5,1500000096082385,14:15:07
436262522,105,2023-03-03,sell,25,155.35,1500000096701122,14:16:16
521997236,106,2023-03-03,buy,25,181.35,1600000096147679,14:39:53
516078181,106,2023-03-06,sell,25,213.0,1600000000495813,09:15:55
430180938,105,2023-03-06,buy,25,178.35,1500000001432448,09:17:11
430215850,105,2023-03-06,sell,25,181.85,1500000001774753,09:17:36
430242709,105,2023-03-06,buy,25,188.4,1500000002052592,09:18:00
430401369,105,2023-03-06,sell,25,203.0,1500000003747607,09:20:27
518208473,107,2023-03-06,buy,25,183.6,1600000027368470,10:21:47
518416435,107,2023-03-06,sell,25,170.5,1600000030721340,10:30:43
432646804,105,2023-03-06,buy,25,204.85,1500000036842165,10:48:13
432676213,105,2023-03-06,sell,25,210.8,1500000037307292,10:49:40
519268669,106,2023-03-06,buy,25,197.0,1600000044408899,11:14:16
519288321,106,2023-03-06,sell,25,205.65,1600000044676738,11:14:43
520424004,106,2023-03-06,buy,25,174.9,1600000064436046,12:22:59
521088172,106,2023-03-06,sell,25,169.5,1600000077423723,13:16:28
521184486,106,2023-03-06,buy,25,167.8,1600000079119779,13:21:50
522817754,106,2023-03-06,sell,25,146.8,1600000110580262,15:20:36
522829295,106,2023-03-06,buy,25,149.75,1600000110805998,15:21:13
516786690,106,2023-03-08,sell,25,52.3,1600000008537764,09:31:02
688911305,108,2023-03-08,buy,25,105.5,1800000010858721,09:31:13
689051995,108,2023-03-08,sell,25,94.65,1800000012773271,09:34:22
517018354,106,2023-03-08,buy,25,83.25,1600000010730468,09:34:56
517216372,106,2023-03-08,sell,25,95.05,1600000012354528,09:36:31
517274875,106,2023-03-08,buy,25,105.95,1600000012969299,09:37:06
518537524,106,2023-03-08,sell,25,90.05,1600000028722527,10:09:34
518758420,106,2023-03-08,buy,25,77.4,1600000031558918,10:16:45
520759648,106,2023-03-08,sell,25,80.9,1600000062628389,12:24:05
521050505,106,2023-03-08,buy,25,91.5,1600000066330344,12:35:33
523144382,106,2023-03-08,sell,25,123.1,1600000094555149,14:15:02
437244309,105,2023-03-08,buy,25,84.85,1500000092545218,14:16:17
437574173,105,2023-03-08,sell,25,89.95,1500000096370972,14:26:43
437608025,105,2023-03-08,buy,25,91.45,1500000096832217,14:28:20
437706076,105,2023-03-08,sell,25,90.5,1500000098076467,14:32:28
438487701,105,2023-03-08,buy,25,85.65,1500000108752484,15:01:08
438625647,105,2023-03-08,sell,25,90.75,1500000110463142,15:04:01
438712326,105,2023-03-08,buy,25,95.75,1500000111596702,15:06:30
438792202,105,2023-03-08,sell,25,103.0,1500000112500950,15:07:59
438817707,105,2023-03-08,buy,25,113.1,1500000112765233,15:08:20
438945607,105,2023-03-08,sell,25,121.55,1500000114175491,15:10:10
525578227,107,2023-03-08,buy,25,82.25,1600000124169124,15:29:05
690725584,109,2023-03-09,buy,25,47.7,1800000026382988,10:00:15
690848311,109,2023-03-09,sell,25,44.5,1800000027792147,10:02:55
435921899,110,2023-03-09,buy,25,21.65,1500000062108340,11:31:47
522880681,107,2023-03-09,sell,25,49.05,1600000066466487,11:41:56
436571666,110,2023-03-09,sell,25,24.2,1500000067576711,11:41:56
523050660,107,2023-03-09,buy,25,48.75,1600000067804647,11:44:03
523365183,107,2023-03-09,sell,25,33.5,1600000070852215,11:51:36
437231843,105,2023-03-09,buy,25,66.2,1500000073469419,11:53:25
437399711,105,2023-03-09,sell,25,59.4,1500000074897685,11:56:10
438072158,105,2023-03-09,buy,25,37.9,1500000080934146,12:09:51
438321773,105,2023-03-09,sell,25,29.05,1500000083654637,12:18:08
609977559,111,2023-03-09,buy,25,39.15,1700000082517245,12:19:26
610214024,111,2023-03-09,sell,25,44.15,1700000084114982,12:21:14
696947069,109,2023-03-09,buy,25,21.2,1800000084640091,12:24:55
438736773,105,2023-03-09,buy,25,23.65,1500000087366373,12:24:58
445646861,105,2023-03-09,sell,25,1.65,1500000148027944,14:40:50
705434086,109,2023-03-09,sell,25,9.25,1800000147783020,14:44:18
706171303,109,2023-03-09,buy,25,18.55,1800000152066264,14:51:58
706752431,109,2023-03-09,sell,25,16.7,1800000155291036,14:56:49
706873593,109,2023-03-09,buy,25,22.0,1800000155991607,14:58:05
707628452,109,2023-03-09,sell,25,8.7,1800000159305546,15:02:29
708651241,109,2023-03-09,buy,25,25.65,1800000163180519,15:09:04
709534253,109,2023-03-09,sell,25,45.35,1800000166741533,15:15:34
709610894,109,2023-03-09,buy,25,53.3,1800000167093608,15:16:14
709636100,109,2023-03-09,sell,25,49.0,1800000167212896,15:16:27
709703803,109,2023-03-09,buy,25,52.7,1800000167576539,15:17:16
709916759,109,2023-03-09,sell,25,52.3,1800000168715274,15:20:09
434600795,112,2023-06-13,buy,25,138.25,1500000071269659,15:15:22
434696127,112,2023-06-13,sell,25,134.0,1500000072472300,15:18:37
434819570,112,2023-06-13,buy,25,139.0,1500000073998967,15:22:56
434872922,112,2023-06-13,sell,25,136.5,1500000074532339,15:24:35
434926408,112,2023-06-13,buy,25,138.7,1500000075002871,15:26:04
435037831,112,2023-06-13,sell,25,136.25,1500000075743528,15:29:36
689133250,113,2023-06-14,buy,25,93.7,1800000013815815,09:39:52
693319428,113,2023-06-14,sell,25,76.75,1800000083911854,14:42:46
694032399,113,2023-06-14,buy,25,81.4,1800000095347958,15:21:27
692950690,113,2023-06-15,sell,25,123.2,1800000054325390,11:26:20
607175141,114,2023-06-15,buy,25,69.0,1700000054607710,11:26:49
607883135,114,2023-06-15,sell,25,120.9,1700000061364734,11:35:27
693697769,115,2023-06-15,buy,25,68.05,1800000061673118,11:36:03
694262693,115,2023-06-15,sell,25,63.4,1800000068609474,11:50:22
694589999,115,2023-06-15,buy,25,65.65,1800000072636054,12:03:07
694714420,115,2023-06-15,sell,25,69.75,1800000073946535,12:05:47
695441207,115,2023-06-15,buy,25,85.8,1800000082408745,12:35:03
695998542,115,2023-06-15,sell,25,83.0,1800000087492368,12:40:19
696094936,115,2023-06-15,buy,25,89.6,1800000088440256,12:42:03
696275685,115,2023-06-15,sell,25,86.75,1800000090319744,12:45:51
610970990,116,2023-06-15,buy,25,49.0,1700000094284820,13:03:04
611855579,116,2023-06-15,sell,25,59.05,1700000104845025,13:25:32
613371377,116,2023-06-15,buy,25,62.75,1700000122638997,14:03:35
613655651,116,2023-06-15,sell,25,86.15,1700000124956403,14:05:07
700010185,117,2023-06-15,buy,25,44.65,1800000129987584,14:12:03
700089257,117,2023-06-15,sell,25,46.6,1800000130630721,14:12:30
700461009,117,2023-06-15,buy,25,51.3,1800000134160397,14:16:23
700533267,117,2023-06-15,sell,25,51.3,1800000134880918,14:17:36
700592180,117,2023-06-15,buy,25,61.75,1800000135363771,14:18:17
700787866,117,2023-06-15,sell,25,54.6,1800000137175941,14:20:33
700808194,117,2023-06-15,buy,25,60.1,1800000137363377,14:20:47
701080196,117,2023-06-15,sell,25,73.4,1800000139734285,14:23:43
615890009,118,2023-06-15,buy,25,33.3,1700000146088716,14:36:35
616331548,118,2023-06-15,sell,25,40.0,1700000149711594,14:40:09
519938239,119,2023-06-16,buy,25,203.8,1600000080598333,14:47:52
520039509,119,2023-06-16,sell,25,209.15,1600000082373348,14:50:36
434592170,120,2023-06-16,buy,25,194.5,1500000089692213,14:54:52
434682428,120,2023-06-16,sell,25,203.5,1500000091336503,14:57:00
516229239,119,2023-06-19,buy,25,181.5,1600000002996650,09:19:34
516888301,119,2023-06-19,sell,25,141.75,1600000016232814,09:46:31
516948185,119,2023-06-19,buy,25,144.6,1600000017466472,09:49:21
516981619,119,2023-06-19,sell,25,143.15,1600000018071120,09:50:38
517037732,119,2023-06-19,buy,25,140.0,1600000019424601,09:54:40
517161147,119,2023-06-19,sell,25,117.15,1600000021867536,10:03:53
517183812,119,2023-06-19,buy,25,123.35,1600000022354889,10:05:40
517589330,119,2023-06-19,sell,25,92.35,1600000030411334,10:25:34
604176083,121,2023-06-19,buy,25,133.25,1700000038391323,10:25:54
604927294,121,2023-06-19,sell,25,158.2,1700000053312502,10:58:22
604975810,121,2023-06-19,buy,25,164.9,1700000054285380,11:00:34
605245469,121,2023-06-19,sell,25,190.3,1700000058538908,11:06:23
691725931,122,2023-06-19,buy,25,138.3,1800000074546450,11:48:08
691882875,122,2023-06-19,sell,25,140.7,1800000078134444,11:55:19
691892747,122,2023-06-19,buy,25,147.0,1800000078436000,11:56:17
691995134,122,2023-06-19,sell,25,138.9,1800000081636865,12:06:47
692224591,122,2023-06-19,buy,25,127.1,1800000088221033,12:25:21
692438210,122,2023-06-19,sell,25,129.5,1800000094971625,12:50:38
692444749,122,2023-06-19,buy,25,134.85,1800000095136418,12:51:12
692498970,122,2023-06-19,sell,25,129.8,1800000096562525,12:57:20
692847234,122,2023-06-19,buy,25,124.45,1800000103226187,13:09:50
693147334,122,2023-06-19,sell,25,164.35,1800000107515689,13:13:26
607479842,123,2023-06-19,buy,25,128.55,1700000108902064,13:14:57
607727972,123,2023-06-19,sell,25,135.25,1700000113171216,13:20:35
607741263,123,2023-06-19,buy,25,140.45,1700000113493944,13:21:10
607897619,123,2023-06-19,sell,25,122.8,1700000117266518,13:28:47
607908736,123,2023-06-19,buy,25,131.5,1700000117581876,13:29:20
608034815,123,2023-06-19,sell,25,145.4,1700000119847061,13:32:25
608036841,123,2023-06-19,buy,25,144.95,1700000119890804,13:32:29
604243880,123,2023-06-20,sell,25,196.15,1700000036719376,10:31:08
604326098,124,2023-06-20,buy,25,110.9,1700000038121707,10:33:44
605967696,124,2023-06-20,sell,25,62.3,1700000077988004,12:55:29
606439890,123,2023-06-20,buy,25,99.8,1700000086636854,13:16:24
606452212,123,2023-06-20,sell,25,104.05,1700000086854452,13:16:47
519890482,125,2023-06-20,buy,25,140.85,1600000068739212,13:30:37
520092862,125,2023-06-20,sell,25,120.1,1600000072850579,13:43:29
520176668,125,2023-06-20,buy,25,129.3,1600000074554675,13:51:08
520982107,125,2023-06-20,sell,25,163.35,1600000088374216,14:32:40
521037426,125,2023-06-20,buy,25,161.45,1600000089197657,14:34:12
521062856,125,2023-06-20,sell,25,155.75,1600000089583204,14:35:09
521121792,125,2023-06-20,buy,25,160.9,1600000090636831,14:38:15
521518928,125,2023-06-20,sell,25,176.95,1600000097206654,14:53:40
432090708,126,2023-06-21,buy,25,117.55,1500000025459208,09:59:46
432256293,126,2023-06-21,sell,25,102.15,1500000028629538,10:09:56
430076084,126,2023-06-22,buy,25,45.15,1500000000350662,09:15:24
430308120,126,2023-06-22,sell,25,70.25,1500000001656582,09:16:32
430993769,126,2023-06-22,buy,25,71.5,1500000008554876,09:24:58
431118554,126,2023-06-22,sell,25,75.2,1500000009733318,09:26:11
525339885,119,2023-06-22,buy,25,36.1,1600000114989361,13:38:44
525985667,119,2023-06-22,sell,25,51.05,1600000119900256,13:42:43
440624514,120,2023-06-22,buy,25,31.7,1500000125593623,13:43:24
440762156,120,2023-06-22,sell,25,27.8,1500000126682740,13:44:29
431232411,127,2023-06-23,buy,25,203.25,1500000023233849,09:54:29
431513300,127,2023-06-23,sell,25,212.25,1500000029061740,10:01:53
431555208,127,2023-06-23,buy,25,214.45,1500000030494743,10:04:25
431865470,127,2023-06-23,sell,25,242.15,1500000039322918,10:20:39
519208620,128,2023-06-23,buy,25,207.2,1600000081735050,12:45:51
519229997,128,2023-06-23,sell,25,206.95,1600000082187463,12:46:56
603197987,129,2023-06-26,buy,25,126.95,1700000022799355,10:00:18
603266536,129,2023-06-26,sell,25,121.35,1700000024112592,10:02:42
603296441,129,2023-06-26,buy,25,124.5,1700000024798504,10:04:16
603883753,129,2023-06-26,sell,25,146.1,1700000037175881,10:40:18
436467071,130,2023-06-27,buy,25,164.35,1500000099691561,15:11:56
436556294,130,2023-06-27,sell,25,198.15,1500000100664271,15:12:56
436573113,130,2023-06-27,buy,25,210.9,1500000100821427,15:13:03
436715438,130,2023-06-27,sell,25,216.5,1500000102461364,15:14:43
522189120,131,2023-06-27,buy,25,158.65,1600000097279798,15:14:48
516129327,131,2023-06-28,sell,25,196.85,1600000000460798,09:15:33
517328658,132,2023-06-28,buy,25,103.0,1600000012704730,09:34:18
517515919,132,2023-06-28,sell,25,96.75,1600000014828508,09:37:43
603817425,133,2023-06-28,buy,25,124.9,1700000016772407,09:40:33
604082138,133,2023-06-28,sell,25,132.2,1700000018787751,09:42:27
689870329,134,2023-06-28,buy,25,84.0,1800000018853402,09:43:21
690066295,134,2023-06-28,sell,25,95.45,1800000021443888,09:46:35
690775838,134,2023-06-28,buy,25,81.0,1800000032610133,10:08:56
691407028,134,2023-06-28,sell,25,65.75,1800000042954549,10:33:13
691458144,134,2023-06-28,buy,25,71.2,1800000043612453,10:34:16
691506174,134,2023-06-28,sell,25,68.55,1800000044270148,10:35:53
691555899,134,2023-06-28,buy,25,70.9,1800000045140727,10:37:55
692262736,134,2023-06-28,sell,25,55.05,1800000055889388,11:04:42
435158194,135,2023-06-28,buy,25,83.3,1500000066476705,11:23:49
435925168,135,2023-06-28,sell,25,81.45,1500000076242313,11:41:11
436079174,135,2023-06-28,buy,50,77.35,1500000078745644,11:45:47
436129591,135,2023-06-28,sell,25,78.4,1500000079786982,11:48:03
436129590,135,2023-06-28,sell,25,78.45,1500000079786982,11:48:03
436185953,135,2023-06-28,buy,25,81.9,1500000081015158,11:51:12
436185952,135,2023-06-28,buy,25,81.85,1500000081015158,11:51:12
436263811,135,2023-06-28,sell,50,88.3,1500000082065050,11:52:44
436473748,135,2023-06-28,buy,25,98.95,1500000084948924,11:59:34
436725641,135,2023-06-28,sell,25,95.1,1500000087647836,12:02:31
436777911,135,2023-06-28,buy,25,98.6,1500000088457332,12:04:03
436861495,135,2023-06-28,sell,25,100.0,1500000089503736,12:05:24
522647127,136,2023-06-28,buy,25,59.85,1600000085896790,12:06:19
523144014,136,2023-06-28,buy,25,42.6,1600000093084219,12:17:32
523159009,136,2023-06-28,sell,25,42.0,1600000093368781,12:17:59
523206775,136,2023-06-28,buy,25,45.35,1600000094258862,12:19:58
523360102,136,2023-06-28,sell,25,43.1,1600000096956254,12:25:18
523432975,136,2023-06-28,buy,25,48.75,1600000098437064,12:29:17
524005851,136,2023-06-28,sell,50,28.0,1600000107394185,12:46:27
695562489,134,2023-06-28,buy,25,63.3,1800000105561480,12:47:07
695562488,134,2023-06-28,buy,25,63.3,1800000105561480,12:47:07
695760701,134,2023-06-28,sell,50,41.3,1800000108233736,12:50:29
438458926,135,2023-06-28,buy,25,73.95,1500000115226252,12:51:09
438458925,135,2023-06-28,buy,25,73.95,1500000115226252,12:51:09
440514809,135,2023-06-28,sell,50,93.4,1500000144892348,13:45:17
527284769,136,2023-06-28,buy,25,49.95,1600000153187034,14:06:21
527406647,136,2023-06-28,sell,25,37.65,1600000154905071,14:08:59
699280609,134,2023-06-28,buy,25,45.1,1800000157842054,14:16:15
699367315,134,2023-06-28,sell,25,34.75,1800000158652667,14:16:56
442009179,135,2023-06-28,buy,25,58.3,1500000165042934,14:17:38
442214711,135,2023-06-28,sell,25,60.45,1500000167850539,14:20:42
442324556,135,2023-06-28,buy,25,73.7,1500000169293922,14:22:26
443005605,135,2023-06-28,sell,25,123.1,1500000174998652,14:26:35
443143773,137,2023-06-28,buy,25,41.4,1500000176470215,14:27:51
443527937,137,2023-06-28,sell,25,33.3,1500000180102586,14:31:30
443691880,137,2023-06-28,buy,25,40.6,1500000181805238,14:33:12
443820455,137,2023-06-28,sell,25,30.3,1500000183342439,14:35:05
443980394,137,2023-06-28,buy,25,36.0,1500000185624007,14:38:34
444322211,137,2023-06-28,sell,25,11.25,1500000189237919,14:41:56
701897188,138,2023-06-28,buy,25,39.7,1800000181759849,14:43:23
702192826,138,2023-06-28,sell,25,22.3,1800000184393026,14:45:56
703737440,138,2023-06-28,buy,25,18.7,1800000196472385,15:01:08
704153405,138,2023-06-28,sell,25,19.45,1800000198872586,15:02:46
704219226,138,2023-06-28,buy,25,35.5,1800000199315937,15:03:06
704835252,138,2023-06-28,sell,25,86.95,1800000202681971,15:05:25
536197436,132,2023-06-28,buy,25,39.85,1600000219747106,15:21:12
536235651,132,2023-06-28,sell,25,34.5,1600000219888158,15:21:28
516118251,139,2023-06-30,buy,25,183.45,1600000000825990,09:16:22
516201588,139,2023-06-30,sell,25,180.65,1600000001866066,09:17:52
516657119,139,2023-06-30,buy,25,180.75,1600000009251016,09:34:19
516714972,139,2023-06-30,sell,25,178.2,1600000010166491,09:35:59
690724954,140,2023-06-30,buy,25,189.45,1800000062111694,12:45:01
690815430,140,2023-06-30,sell,25,194.7,1800000064143548,12:51:32
516220099,141,2023-07-03,buy,25,165.95,1600000001729528,09:17:13
516510980,141,2023-07-03,sell,25,185.75,1600000005985069,09:22:14
430670264,142,2023-07-03,buy,25,150.85,1500000007319677,09:23:33
430862091,142,2023-07-03,sell,25,144.25,1500000009988348,09:28:15
430904628,142,2023-07-03,buy,25,148.85,1500000010704132,09:30:00
430937866,142,2023-07-03,sell,25,146.55,1500000011208482,09:31:09
430952497,142,2023-07-03,buy,25,153.85,1500000011372113,09:31:31
431167103,142,2023-07-03,sell,25,196.8,1500000013456005,09:34:28
517205628,143,2023-07-03,buy,25,164.5,1600000016077008,09:39:34
517218596,143,2023-07-03,sell,25,161.05,1600000016288308,09:39:51
517318725,143,2023-07-03,buy,25,177.7,1600000017993147,09:42:20
517333817,143,2023-07-03,sell,25,181.85,1600000018187344,09:42:32
431653646,144,2023-07-03,buy,25,167.7,1500000020213215,09:43:43
431676089,144,2023-07-03,sell,25,175.3,1500000020459613,09:43:56
517899895,145,2023-07-03,buy,25,171.3,1600000026923866,09:53:02
517981717,145,2023-07-03,sell,25,197.2,1600000028104863,09:54:25
434217246,144,2023-07-04,buy,25,162.6,1500000067422800,12:03:33
434401276,144,2023-07-04,sell,25,202.8,1500000069933707,12:07:51
520592582,145,2023-07-04,buy,25,177.25,1600000077383195,12:19:41
520626458,145,2023-07-04,sell,25,176.65,1600000077873791,12:20:22
520669674,145,2023-07-04,buy,25,179.4,1600000078647285,12:21:54
520674170,145,2023-07-04,sell,25,181.55,1600000078728286,12:22:06
435330563,146,2023-07-04,buy,25,137.1,1500000085821394,12:39:28
435354966,146,2023-07-04,sell,25,133.7,1500000086490639,12:41:13
435381188,146,2023-07-04,buy,25,145.4,1500000087078124,12:43:06
435410948,146,2023-07-04,sell,25,134.05,1500000087822750,12:45:19
435428429,146,2023-07-04,buy,25,140.7,1500000088255274,12:46:52
435454278,146,2023-07-04,sell,25,127.45,1500000088825603,12:48:31
692493140,147,2023-07-04,buy,25,168.95,1800000084581966,12:48:54
692539061,147,2023-07-04,sell,25,163.7,1800000085465036,12:51:09
435519980,146,2023-07-04,buy,25,130.2,1500000090177954,12:51:18
435621235,146,2023-07-04,sell,25,123.4,1500000092810566,13:01:18
435701193,146,2023-07-04,buy,25,122.45,1500000094896275,13:08:01
435898299,146,2023-07-04,sell,25,166.6,1500000098875397,13:20:19
521944407,148,2023-07-04,buy,25,185.35,1600000104318010,13:28:44
521960651,148,2023-07-04,sell,25,195.85,1600000104520688,13:28:56
436322395,149,2023-07-04,buy,25,159.0,1500000105416156,13:29:45
436357201,149,2023-07-04,sell,25,167.95,1500000105811999,13:30:06
430592314,144,2023-07-05,buy,25,133.1,1500000006803105,09:21:23
430878306,144,2023-07-05,sell,25,167.95,1500000010582966,09:24:15
517497952,145,2023-07-05,buy,25,145.7,1600000018819502,09:33:02
517753095,145,2023-07-05,sell,25,107.5,1600000022219592,09:37:10
689328786,150,2023-07-05,buy,25,124.85,1800000019830300,09:37:32
689375653,150,2023-07-05,sell,25,120.35,1800000020593296,09:38:32
689525365,150,2023-07-05,buy,25,138.15,1800000022832479,09:41:11
689703582,150,2023-07-05,sell,25,129.85,1800000025261736,09:44:27
432141771,144,2023-07-05,buy,25,122.65,1500000028556599,09:44:33
432183025,144,2023-07-05,sell,25,108.55,1500000029328296,09:45:54
689771798,150,2023-07-05,buy,25,148.65,1800000026315134,09:46:01
691021475,150,2023-07-05,sell,25,134.05,1800000048702390,10:28:46
691046827,150,2023-07-05,buy,25,145.2,1800000049218459,10:29:58
691278230,150,2023-07-05,sell,25,150.75,1800000053192047,10:36:48
691372591,150,2023-07-05,buy,25,151.85,1800000054911085,10:40:32
691448222,150,2023-07-05,sell,25,152.4,1800000056322746,10:44:02
433667423,144,2023-07-05,buy,25,105.3,1500000059037546,10:48:00
433824400,144,2023-07-05,sell,25,101.85,1500000062015862,10:55:31
691883214,150,2023-07-05,buy,25,153.55,1800000064278359,11:04:11
691921051,150,2023-07-05,sell,25,151.8,1800000064942887,11:05:44
692198673,150,2023-07-05,buy,25,148.7,1800000070322571,11:23:50
692245373,150,2023-07-05,sell,25,147.75,1800000071028144,11:25:23
693777465,150,2023-07-05,buy,25,133.25,1800000100716825,12:49:37
694673731,150,2023-07-05,sell,25,157.05,1800000116173729,13:35:14
516498294,143,2023-07-06,buy,25,58.9,1600000004044547,09:18:48
516667961,143,2023-07-06,sell,25,63.85,1600000006146052,09:20:38
1484718,151,2023-07-06,buy,50,29.75,1000000011002729,09:27:00
2041486,151,2023-07-06,sell,50,20.15,1000000015732971,09:33:10
603575997,152,2023-07-06,buy,25,98.85,1700000016775510,09:34:44
604358608,152,2023-07-06,sell,25,83.25,1700000027251809,09:53:33
3210171,151,2023-07-06,buy,50,26.9,1000000027216237,09:56:15
518496221,143,2023-07-06,buy,25,67.65,1600000032693339,10:01:33
519163699,143,2023-07-06,sell,25,80.05,1600000041712340,10:14:12
4690398,151,2023-07-06,sell,50,38.9,1000000039905345,10:15:34
522425220,145,2023-07-06,buy,25,46.5,1600000090817346,11:41:50
523736536,145,2023-07-06,sell,25,46.7,1600000109460141,12:13:50
695254500,150,2023-07-06,buy,25,54.0,1800000097353728,12:14:18
695867063,150,2023-07-06,sell,25,57.9,1800000106373532,12:36:33
695907881,150,2023-07-06,buy,25,59.15,1800000106925277,12:37:51
696144659,150,2023-07-06,sell,25,60.35,1800000109713757,12:43:15
697251772,150,2023-07-06,buy,25,62.15,1800000123162550,13:14:55
697377278,150,2023-07-06,sell,25,59.55,1800000124321550,13:16:06
697620757,150,2023-07-06,buy,25,71.8,1800000127061894,13:21:03
697678516,150,2023-07-06,sell,25,57.25,1800000127689480,13:21:45
440987719,144,2023-07-06,buy,25,39.3,1500000147800868,13:29:48
441365067,144,2023-07-06,sell,25,34.6,1500000152846338,13:39:23
528879110,145,2023-07-06,buy,25,39.55,1600000178679937,14:20:42
529350093,145,2023-07-06,sell,25,12.9,1600000182951360,14:24:25
700867983,150,2023-07-06,buy,25,25.9,1800000161445840,14:24:50
701050553,150,2023-07-06,sell,25,16.55,1800000162913388,14:25:54
688039677,153,2023-07-07,buy,25,185.7,1800000000277336,09:15:28
688286838,153,2023-07-07,sell,25,190.9,1800000004244459,09:20:51
602615058,154,2023-07-07,buy,25,202.55,1700000009989693,09:31:48
602879678,154,2023-07-07,sell,25,212.85,1700000015855076,09:46:50
602894000,154,2023-07-07,buy,25,215.0,1700000016188301,09:48:03
602946477,154,2023-07-07,sell,25,215.2,1700000017271057,09:50:51
603513026,154,2023-07-07,buy,25,228.4,1700000032852926,10:41:30
603760445,154,2023-07-07,sell,25,273.6,1700000036862077,10:47:01
689528392,153,2023-07-07,buy,25,244.95,1800000037388822,10:47:15
689604793,153,2023-07-07,sell,25,245.5,1800000038490193,10:48:10
603906804,155,2023-07-07,buy,25,213.75,1700000038796183,10:48:54
604173630,155,2023-07-07,sell,25,243.95,1700000043314995,10:54:00
690860602,156,2023-07-07,buy,25,212.15,1800000076345550,12:00:42
690884112,156,2023-07-07,sell,25,207.6,1800000076824802,12:01:14
690961860,156,2023-07-07,buy,25,209.7,1800000078865973,12:04:01
691013061,156,2023-07-07,sell,25,202.75,1800000080150919,12:05:54
691035445,156,2023-07-07,buy,25,202.8,1800000080712562,12:07:01
691043452,156,2023-07-07,sell,25,199.0,1800000080958271,12:07:38
518961520,157,2023-07-07,buy,25,197.0,1600000068983450,12:14:34
518966934,157,2023-07-07,sell,25,201.5,1600000069110405,12:14:50
519017592,157,2023-07-07,buy,25,209.15,1600000070280886,12:17:39
519040905,157,2023-07-07,sell,25,209.0,1600000070817643,12:19:25
519964563,157,2023-07-07,buy,25,211.75,1600000096185516,13:49:48
520036614,157,2023-07-07,sell,25,210.85,1600000098178143,13:55:32
520188221,157,2023-07-07,buy,25,206.05,1600000101964320,14:10:20
520244561,157,2023-07-07,sell,25,201.25,1600000103454437,14:16:48
520247645,157,2023-07-07,buy,25,204.9,1600000103581116,14:17:24
520330724,157,2023-07-07,sell,25,223.7,1600000105299687,14:21:14
602136467,155,2023-07-10,buy,25,174.65,1700000001255827,09:16:46
602166878,155,2023-07-10,sell,25,180.9,1700000001623659,09:17:08
690000632,153,2023-07-10,buy,25,168.45,1800000040751300,10:40:33
690026107,153,2023-07-10,sell,25,173.35,1800000041373383,10:42:33
690273204,153,2023-07-10,buy,25,172.1,1800000048135067,11:07:28
690301977,153,2023-07-10,sell,25,165.2,1800000048875343,11:09:19
690328089,153,2023-07-10,buy,25,179.7,1800000049584573,11:11:26
690507327,153,2023-07-10,sell,25,219.15,1800000052485652,11:16:15
605058127,155,2023-07-10,buy,25,181.5,1700000058454934,11:23:30
605094289,155,2023-07-10,sell,25,170.3,1700000059111361,11:24:32
605116793,155,2023-07-10,buy,25,177.8,1700000059633720,11:25:39
605227688,155,2023-07-10,sell,25,174.05,1700000062093401,11:30:15
605240935,155,2023-07-10,buy,25,186.45,1700000062317895,11:30:45
605347107,155,2023-07-10,sell,25,183.65,1700000064727459,11:36:42
690952491,156,2023-07-10,buy,25,152.2,1800000062070595,11:37:03
691140195,156,2023-07-10,sell,25,177.3,1800000064883186,11:40:55
691158110,156,2023-07-10,buy,25,181.25,1800000065242865,11:41:26
691339618,156,2023-07-10,sell,25,163.6,1800000069878065,11:50:55
691362006,156,2023-07-10,buy,25,172.95,1800000070417136,11:52:01
691378120,156,2023-07-10,sell,25,170.75,1800000070823437,11:52:39
691419567,156,2023-07-10,buy,25,180.25,1800000071941681,11:55:02
691453794,156,2023-07-10,sell,25,172.25,1800000072865268,11:56:35
691481853,156,2023-07-10,buy,25,168.65,1800000073721395,11:58:23
691593517,156,2023-07-10,sell,25,191.75,1800000076748158,12:06:01
692700847,156,2023-07-10,buy,25,134.95,1800000108467344,13:28:37
692730524,156,2023-07-10,sell,25,132.75,1800000109076076,13:30:27
693123544,156,2023-07-10,buy,25,152.65,1800000119352207,14:04:39
693206415,156,2023-07-10,sell,25,142.0,1800000121027071,14:08:17
693212100,156,2023-07-10,buy,25,147.45,1800000121180125,14:08:41
693235601,156,2023-07-10,sell,25,136.3,1800000121765264,14:10:43
436030197,158,2023-07-10,buy,25,170.25,1500000118778103,14:11:13
436127460,158,2023-07-10,sell,25,153.75,1500000121169767,14:18:22
693338215,156,2023-07-10,buy,25,146.55,1800000124630445,14:18:38
693613902,156,2023-07-10,sell,25,163.2,1800000130856694,14:31:55
693796034,156,2023-07-10,buy,25,172.95,1800000135723493,14:43:32
693894472,156,2023-07-10,sell,25,179.4,1800000137550268,14:45:45
437387124,158,2023-07-10,buy,25,166.15,1500000147048120,15:14:06
437452400,158,2023-07-10,sell,25,173.6,1500000148031424,15:15:35
517488369,157,2023-07-11,buy,25,146.05,1600000026015917,10:30:14
517519191,157,2023-07-11,sell,25,146.0,1600000026783228,10:34:30
517554260,157,2023-07-11,buy,25,160.65,1600000027384457,10:36:31
517982792,157,2023-07-11,sell,25,156.15,1600000035064227,11:07:16
518038572,157,2023-07-11,buy,25,167.5,1600000036255903,11:13:10
518352788,157,2023-07-11,sell,25,164.0,1600000041957741,11:37:47
518534419,157,2023-07-11,buy,25,181.8,1600000045168339,11:57:16
518799251,157,2023-07-11,sell,25,154.25,1600000049540200,12:16:29
690549908,153,2023-07-11,buy,25,112.2,1800000050010482,12:34:36
690880157,153,2023-07-11,sell,25,102.0,1800000057374335,13:12:48
691133076,153,2023-07-11,buy,25,116.95,1800000062424490,13:34:19
691312044,153,2023-07-11,sell,25,124.6,1800000066096147,13:46:07
691397381,153,2023-07-11,buy,25,135.3,1800000067813703,13:52:50
691824776,153,2023-07-11,sell,25,179.2,1800000075971854,14:16:14
606855008,155,2023-07-11,buy,25,140.15,1700000081374003,14:18:35
606963229,155,2023-07-11,sell,25,134.85,1700000083010762,14:21:57
607023174,155,2023-07-11,buy,25,147.1,1700000084049633,14:24:39
607061088,155,2023-07-11,sell,25,153.05,1700000084489355,14:25:09
692737830,156,2023-07-11,buy,25,131.1,1800000094714681,15:03:06
692761804,156,2023-07-11,sell,25,139.7,1800000094979536,15:03:23
692981917,156,2023-07-11,buy,25,158.45,1800000098820416,15:09:01
693076631,156,2023-07-11,sell,25,140.4,1800000100369303,15:11:24
693098354,156,2023-07-11,buy,25,146.8,1800000100791999,15:12:19
693113186,156,2023-07-11,sell,25,138.9,1800000101094461,15:13:03
436458106,159,2023-07-11,buy,25,157.5,1500000102715854,15:14:09
436527101,159,2023-07-11,sell,25,168.2,1500000103441376,15:16:09
436528758,159,2023-07-11,buy,25,170.0,1500000103468384,15:16:13
436576528,159,2023-07-11,sell,25,187.2,1500000104012096,15:17:21
521279909,160,2023-07-11,buy,25,139.2,1600000099552936,15:17:25
521300137,160,2023-07-11,sell,25,145.65,1600000099799025,15:17:50
521312902,160,2023-07-11,buy,25,153.8,1600000099930615,15:18:03
521339053,160,2023-07-11,sell,25,149.1,1600000100216824,15:18:30
521380008,160,2023-07-11,buy,25,155.95,1600000100730811,15:19:32
516173561,160,2023-07-12,sell,25,152.2,1600000001087999,09:16:25
688434085,156,2023-07-12,buy,25,116.0,1800000004699708,09:21:19
688888493,156,2023-07-12,sell,25,154.4,1800000010061989,09:26:23
430164502,159,2023-07-13,buy,25,152.4,1500000000601224,09:15:29
430401598,159,2023-07-13,sell,25,177.0,1500000001876600,09:16:23
521175024,157,2023-07-13,buy,25,84.6,1600000055784698,11:17:13
521372584,157,2023-07-13,sell,25,72.95,1600000057910599,11:20:35
344841327,161,2023-07-13,buy,25,225.35,1400000039286203,11:26:56
344861364,161,2023-07-13,sell,25,230.85,1400000040155425,11:30:11
344863859,161,2023-07-13,buy,25,232.7,1400000040247167,11:30:34
344884461,161,2023-07-13,sell,25,232.05,1400000041247705,11:34:02
693372766,153,2023-07-13,buy,25,49.65,1800000062652176,11:37:51
693820531,153,2023-07-13,sell,25,59.3,1800000068527906,11:55:21
611515623,155,2023-07-13,buy,25,47.25,1700000103766801,13:30:24
613342175,155,2023-07-13,sell,25,58.35,1700000120635097,13:56:03
613437544,155,2023-07-13,buy,25,63.45,1700000121561559,13:57:13
614014758,155,2023-07-13,sell,25,80.0,1700000126513240,14:02:12
698919764,156,2023-07-13,buy,25,45.55,1800000127955325,14:03:36
699121235,156,2023-07-13,sell,25,34.15,1800000129641464,14:05:19
699450722,156,2023-07-13,buy,25,50.9,1800000133081880,14:09:27
700165013,156,2023-07-13,sell,25,51.5,1800000139828370,14:16:49
701753686,156,2023-07-13,buy,25,29.15,1800000154303608,14:34:35
701987016,156,2023-07-13,sell,25,29.75,1800000156472701,14:37:00
702040701,156,2023-07-13,buy,25,37.25,1800000156917837,14:37:20
702265211,156,2023-07-13,sell,25,48.9,1800000158535924,14:38:32
702423624,156,2023-07-13,buy,25,51.1,1800000159781368,14:39:37
702556918,156,2023-07-13,sell,25,47.65,1800000160790961,14:40:31
702897811,156,2023-07-13,buy,25,55.5,1800000163377257,14:43:14
702967403,156,2023-07-13,sell,25,51.1,1800000163878942,14:43:36
621253213,162,2023-07-13,buy,25,18.85,1700000183830879,15:03:10
621358872,162,2023-07-13,sell,25,17.2,1700000184653002,15:04:00
516155434,163,2023-07-14,buy,25,166.4,1600000001439772,09:17:16
516716566,163,2023-07-14,sell,25,157.25,1600000011739511,09:43:02
688893350,164,2023-07-14,buy,25,197.75,1800000017154708,09:56:14
689142736,164,2023-07-14,sell,25,212.65,1800000022117300,10:07:11
603290478,165,2023-07-14,buy,25,178.45,1700000021779809,10:07:38
603830110,165,2023-07-14,sell,25,187.2,1700000031211169,10:33:38
689731591,166,2023-07-14,buy,25,162.4,1800000034593665,10:43:03
689932739,166,2023-07-14,sell,25,174.15,1800000038271945,10:50:25
689963764,166,2023-07-14,buy,25,183.55,1800000038754800,10:51:48
689977402,166,2023-07-14,sell,25,180.65,1800000038980420,10:52:11
691866863,166,2023-07-14,buy,25,168.1,1800000091884398,13:34:34
691891686,166,2023-07-14,sell,25,165.85,1800000092370383,13:35:18
691898102,166,2023-07-14,buy,25,171.2,1800000092495261,13:35:29
692020524,166,2023-07-14,sell,25,162.0,1800000095702929,13:43:55
606465872,167,2023-07-14,buy,25,155.45,1700000097130494,13:50:02
606651840,167,2023-07-14,sell,25,155.45,1700000100760144,13:56:44
606685553,167,2023-07-14,buy,25,159.95,1700000101621306,13:58:41
606737303,167,2023-07-14,sell,25,153.4,1700000102853168,14:00:53
434150077,168,2023-07-14,buy,25,215.3,1500000089973389,14:05:26
434205569,168,2023-07-14,sell,25,202.1,1500000091081966,14:07:50
434434322,168,2023-07-14,buy,25,208.5,1500000097823905,14:28:29
435188625,168,2023-07-14,sell,25,235.2,1500000112748581,15:05:35
520595428,169,2023-07-14,buy,25,199.25,1600000105218606,15:06:17
520798961,169,2023-07-14,sell,25,215.65,1600000108626177,15:12:35
520807543,169,2023-07-14,buy,25,217.75,1600000108739045,15:12:48
521112321,169,2023-07-14,sell,25,227.0,1600000113094875,15:22:07
435799590,170,2023-07-14,buy,25,177.5,1500000121388483,15:22:13
430659615,170,2023-07-17,sell,25,141.65,1500000007245748,09:27:50
602906842,165,2023-07-17,buy,25,157.85,1700000012473930,09:33:38
603292537,165,2023-07-17,sell,25,124.8,1700000019529092,09:46:04
431198353,170,2023-07-17,buy,25,157.75,1500000015642696,09:46:11
432076791,170,2023-07-17,sell,25,143.4,1500000029955803,10:29:54
433160106,170,2023-07-17,buy,25,144.35,1500000054284843,12:23:38
433454933,170,2023-07-17,sell,25,138.2,1500000060051234,12:44:23
433538948,170,2023-07-17,buy,25,147.95,1500000062119946,12:49:31
434216703,170,2023-07-17,sell,25,198.1,1500000072691512,13:12:49
519654726,163,2023-07-17,buy,25,155.75,1600000069859579,13:12:54
520045222,163,2023-07-17,sell,25,217.2,1600000075248372,13:19:12
434695488,161,2023-07-17,buy,25,169.35,1500000078312379,13:19:18
436257095,161,2023-07-17,sell,25,192.85,1500000102120160,14:02:54
436277588,161,2023-07-17,buy,25,192.7,1500000102521525,14:03:35
437022714,161,2023-07-17,sell,25,228.25,1500000116672643,14:40:39
522014222,171,2023-07-17,buy,25,176.8,1600000114619994,14:40:44
522183345,171,2023-07-17,sell,25,196.75,1600000117419307,14:45:16
522187062,171,2023-07-17,buy,25,196.4,1600000117467450,14:45:19
522479400,171,2023-07-17,sell,25,220.5,1600000122445952,14:53:02
437601383,172,2023-07-17,buy,25,175.2,1500000124710275,14:53:05
437741625,172,2023-07-17,sell,25,176.15,1500000126786654,14:56:22
438297738,173,2023-07-17,buy,25,141.45,1500000136597028,15:10:30
438324699,173,2023-07-17,sell,25,152.85,1500000136926654,15:10:48
516059049,174,2023-07-18,buy,25,204.95,1600000000309386,09:15:27
516104418,174,2023-07-18,sell,25,232.15,1600000000629697,09:15:47
604337946,175,2023-07-18,buy,25,197.45,1700000038253637,10:30:10
604350034,175,2023-07-18,sell,25,197.75,1700000038497662,10:30:50
605329563,175,2023-07-18,buy,25,221.45,1700000058492603,11:37:27
605396636,175,2023-07-18,sell,25,234.85,1700000059151422,11:38:05
691504833,176,2023-07-18,buy,25,193.2,1800000060659562,11:39:50
691574631,176,2023-07-18,sell,25,199.15,1800000061810297,11:41:11
691824886,177,2023-07-18,buy,25,189.5,1800000064838623,11:43:53
691884007,177,2023-07-18,sell,25,223.8,1800000065483201,11:44:20
688301543,176,2023-07-19,buy,25,182.35,1800000003145888,09:18:30
688399623,176,2023-07-19,sell,25,176.55,1800000004625013,09:20:11
689017573,176,2023-07-19,buy,25,188.6,1800000014232542,09:34:04
689074728,176,2023-07-19,sell,25,157.0,1800000015019048,09:34:50
517100409,174,2023-07-19,buy,25,134.45,1600000015979417,09:34:57
517176373,174,2023-07-19,sell,25,120.65,1600000017362917,09:36:41
517209765,174,2023-07-19,buy,25,132.9,1600000017972618,09:37:32
517264348,174,2023-07-19,buy,25,130.2,1600000019054285,09:39:29
517288656,174,2023-07-19,sell,25,125.25,1600000019575444,09:40:27
517355152,174,2023-07-19,sell,25,128.15,1600000020907403,09:43:12
689386606,176,2023-07-19,buy,25,178.0,1800000020722737,09:44:13
689429540,176,2023-07-19,sell,25,171.55,1800000021555352,09:45:50
517646711,174,2023-07-19,buy,25,140.8,1600000026616545,09:56:58
517712834,174,2023-07-19,sell,25,140.0,1600000027608847,09:58:44
689830866,176,2023-07-19,buy,25,168.25,1800000029934538,10:04:23
689914412,176,2023-07-19,sell,25,176.15,1800000031010750,10:05:22
519943635,174,2023-07-19,buy,25,106.85,1600000070029407,11:32:20
519967560,174,2023-07-19,sell,25,110.65,1600000070528313,11:33:43
520572459,174,2023-07-19,buy,25,104.95,1600000082724299,12:10:40
520583221,174,2023-07-19,sell,25,100.7,1600000082962075,12:11:26
520691534,174,2023-07-19,buy,25,105.2,1600000084863662,12:17:09
520870148,174,2023-07-19,sell,25,111.9,1600000087815895,12:25:12
520945014,174,2023-07-19,buy,25,115.4,1600000089128366,12:29:40
521019665,174,2023-07-19,sell,25,117.9,1600000090376931,12:32:18
521420575,174,2023-07-19,buy,25,136.8,1600000097503935,12:53:45
521533352,174,2023-07-19,sell,25,143.65,1600000099142183,12:55:55
693751390,176,2023-07-19,buy,25,129.45,1800000106209036,12:59:56
693775517,176,2023-07-19,sell,25,122.85,1800000106802578,13:01:12
522012847,174,2023-07-19,buy,25,148.6,1600000108840517,13:17:13
522257982,174,2023-07-19,sell,25,131.8,1600000114349845,13:27:56
694327108,176,2023-07-19,buy,25,137.7,1800000119309206,13:32:54
694385317,176,2023-07-19,sell,25,129.65,1800000120413090,13:34:53
522458141,174,2023-07-19,buy,25,135.2,1600000118533076,13:38:08
522644917,174,2023-07-19,sell,25,140.85,1600000121477997,13:42:35
522663890,174,2023-07-19,buy,25,149.35,1600000121814299,13:43:17
522699174,174,2023-07-19,sell,25,137.5,1600000122452365,13:44:27
694778922,176,2023-07-19,buy,25,124.85,1800000128869493,13:53:28
694918757,176,2023-07-19,sell,25,118.2,1800000131556704,14:00:16
695863040,176,2023-07-19,buy,25,138.65,1800000150243761,14:42:33
696217868,176,2023-07-19,sell,25,113.15,1800000155317975,14:50:28
696418385,176,2023-07-19,buy,25,118.0,1800000158791829,14:56:19
696500038,176,2023-07-19,sell,25,99.9,1800000160288387,14:59:00
524730395,174,2023-07-19,buy,25,127.35,1600000160388890,14:59:52
525044603,174,2023-07-19,sell,25,137.35,1600000164271388,15:02:47
439453926,178,2023-07-19,buy,25,100.85,1500000172506916,15:06:10
431402160,178,2023-07-20,sell,25,88.2,1500000015743246,09:35:40
434756009,178,2023-07-20,buy,25,101.0,1500000070228188,12:07:43
435077422,178,2023-07-20,sell,25,95.9,1500000073229283,12:11:08
435123801,178,2023-07-20,buy,25,100.6,1500000073776088,12:11:58
435326429,178,2023-07-20,sell,25,92.05,1500000076117328,12:17:22
435536498,178,2023-07-20,buy,25,96.55,1500000078534233,12:23:11
436072769,178,2023-07-20,sell,25,104.85,1500000084939124,12:36:23
522348689,179,2023-07-20,buy,25,62.6,1600000088934903,12:39:08
522473377,179,2023-07-20,sell,25,66.35,1600000090551040,12:41:57
523464600,179,2023-07-20,buy,25,77.6,1600000104918679,13:15:16
523744265,179,2023-07-20,sell,25,110.4,1600000107374022,13:17:29
437746406,180,2023-07-20,buy,50,73.2,1500000105176741,13:18:10
437782960,180,2023-07-20,sell,50,81.25,1500000105517499,13:18:23
437893181,180,2023-07-20,buy,25,90.0,1500000106512966,13:19:09
437976126,180,2023-07-20,sell,25,86.55,1500000107263268,13:19:42
438044665,180,2023-07-20,buy,25,89.65,1500000107966841,13:20:19
438092097,180,2023-07-20,sell,25,82.35,1500000108490327,13:20:55
526752002,181,2023-07-20,buy,25,62.5,1600000142846583,13:59:57
526904507,181,2023-07-20,sell,25,69.65,1600000144464524,14:01:20
527059817,181,2023-07-20,buy,25,81.45,1600000146170831,14:03:00
527332963,181,2023-07-20,sell,25,94.1,1600000148854708,14:05:07
441790786,182,2023-07-20,buy,25,54.6,1500000147006791,14:07:33
442133770,182,2023-07-20,sell,25,43.95,1500000150008186,14:10:48
442434214,182,2023-07-20,buy,25,45.6,1500000153202366,14:15:09
442525810,182,2023-07-20,sell,25,38.4,1500000154126895,14:16:07
442850074,182,2023-07-20,buy,25,54.65,1500000157844514,14:21:20
442959283,182,2023-07-20,sell,25,52.8,1500000158900872,14:22:12
346851302,183,2023-07-20,buy,15,240.35,1400000122485892,14:27:29
347176339,183,2023-07-20,sell,15,182.55,1400000133410829,14:44:59
347877192,183,2023-07-20,buy,15,200.35,1400000151688083,15:09:52
347960829,183,2023-07-20,sell,15,208.3,1400000153255814,15:12:10
347973644,183,2023-07-20,buy,15,206.4,1400000153509247,15:12:32
348101371,183,2023-07-20,sell,15,232.55,1400000155524837,15:14:50
348122387,183,2023-07-20,buy,15,224.95,1400000155802982,15:15:08
430809493,183,2023-07-21,sell,15,307.45,1500000011027935,09:25:49
92913088,184,2023-07-21,buy,50,63.45,1100000134894377,14:07:59
92938890,184,2023-07-21,sell,50,65.05,1100000135510706,14:08:55
94141045,185,2023-07-21,buy,50,53.15,1100000162693662,14:59:20
94363832,185,2023-07-21,sell,50,50.55,1100000166451598,15:02:59
520989582,186,2023-07-24,buy,15,165.1,1600000105916389,13:13:39
522545337,186,2023-07-24,sell,15,131.05,1600000149060485,14:51:30
603394591,187,2023-07-25,buy,15,158.1,1700000022108906,09:54:08
603438879,187,2023-07-25,sell,15,146.55,1700000022839134,09:55:31
690687205,188,2023-07-25,buy,15,161.5,1800000056837552,11:44:33
690861992,188,2023-07-25,sell,15,173.35,1800000059375427,11:49:05
692373912,188,2023-07-25,buy,15,192.25,1800000095382369,13:28:49
692543988,188,2023-07-25,sell,15,229.8,1800000098341689,13:35:11
516415366,189,2023-07-26,buy,15,99.75,1600000003365236,09:19:53
516549351,189,2023-07-26,sell,15,90.0,1600000004689056,09:22:03
516704268,189,2023-07-26,buy,15,102.9,1600000006433253,09:25:12
516704269,189,2023-07-26,buy,15,102.9,1600000006433253,09:25:12
517040444,189,2023-07-26,sell,30,90.55,1600000010561690,09:32:13
517821501,189,2023-07-26,buy,30,104.5,1600000023828583,10:00:18
518252582,189,2023-07-26,sell,15,112.4,1600000030178479,10:12:00
518252581,189,2023-07-26,sell,15,112.45,1600000030178479,10:12:00
518325711,189,2023-07-26,buy,15,121.9,1600000031319738,10:14:10
518468538,189,2023-07-26,sell,15,129.9,1600000032833062,10:15:33
519841624,186,2023-07-27,buy,15,101.9,1600000039179656,10:30:11
519929101,186,2023-07-27,sell,15,93.35,1600000040061336,10:31:57
694057023,190,2023-07-27,buy,30,53.85,1800000063144585,11:05:25
694965337,190,2023-07-27,sell,30,74.25,1800000073790880,11:18:34
610042844,187,2023-07-27,buy,30,45.6,1700000079293176,11:21:02
610497291,187,2023-07-27,sell,30,79.65,1700000083132023,11:24:22
695620070,188,2023-07-27,buy,15,56.2,1800000080339222,11:25:17
695685059,188,2023-07-27,sell,15,49.7,1800000081036164,11:25:54
695951049,188,2023-07-27,buy,15,58.65,1800000083888729,11:28:46
696124535,188,2023-07-27,sell,15,47.1,1800000085773504,11:30:47
696401386,188,2023-07-27,buy,15,60.85,1800000089147715,11:34:54
696508389,188,2023-07-27,sell,15,49.45,1800000090417741,11:36:04
696560256,188,2023-07-27,buy,15,46.15,1800000091129113,11:36:58
697326251,188,2023-07-27,sell,15,67.35,1800000100764253,11:50:59
698322314,188,2023-07-27,buy,15,56.4,1800000114559514,12:11:27
698660309,188,2023-07-27,sell,15,65.85,1800000118800603,12:16:59
616185085,191,2023-07-27,buy,15,57.6,1700000157976642,13:04:32
616559155,191,2023-07-27,sell,15,43.45,1700000162622591,13:10:43
617868594,191,2023-07-27,buy,15,48.4,1700000178888518,13:29:48
618223816,191,2023-07-27,sell,15,52.45,1700000182423244,13:32:48
618274761,191,2023-07-27,buy,15,62.05,1700000182965106,13:33:23
618599106,191,2023-07-27,sell,15,41.1,1700000186727875,13:37:18
618725510,191,2023-07-27,buy,15,45.2,1700000188304596,13:39:00
619239872,191,2023-07-27,sell,15,52.9,1700000195916533,13:49:09
619252444,191,2023-07-27,buy,15,54.4,1700000196080687,13:49:24
619409780,191,2023-07-27,sell,15,46.6,1700000197879033,13:51:07
619472019,191,2023-07-27,buy,30,55.4,1700000198709711,13:52:09
619556830,191,2023-07-27,sell,30,40.4,1700000199756224,13:53:47
619659961,191,2023-07-27,buy,30,45.6,1700000201010848,13:55:26
620301117,191,2023-07-27,sell,30,41.65,1700000209340261,14:05:18
620453045,191,2023-07-27,buy,30,43.95,1700000211086159,14:07:18
624223579,191,2023-07-27,sell,15,67.2,1700000245123428,14:40:45
624223580,191,2023-07-27,sell,15,67.2,1700000245123428,14:40:45
347789130,192,2023-07-27,buy,15,188.9,1400000147056272,14:42:38
348208186,192,2023-07-27,sell,15,176.3,1400000157136547,15:00:36
348433316,193,2023-07-27,buy,15,190.75,1400000162491894,15:10:37
691262952,193,2023-07-28,sell,15,305.1,1800000082130166,12:08:43
691290033,194,2023-07-28,buy,15,220.9,1800000082815339,12:10:02
692006025,194,2023-07-28,sell,15,215.1,1800000106556358,13:12:32
606092944,195,2023-07-28,buy,15,179.5,1700000110877328,13:14:21
606382592,195,2023-07-28,sell,15,199.25,1700000118697544,13:36:52
606383577,195,2023-07-28,buy,15,199.8,1700000118713292,13:36:55
606473050,195,2023-07-28,sell,15,209.9,1700000120457247,13:42:01
606478982,195,2023-07-28,buy,15,212.5,1700000120568750,13:42:11
607072745,195,2023-07-28,sell,15,177.0,1700000136622986,14:22:06
607205183,195,2023-07-28,buy,15,186.85,1700000139430119,14:29:11
607546112,195,2023-07-28,sell,15,170.55,1700000146988740,14:45:43
607588506,195,2023-07-28,buy,15,164.35,1700000148006014,14:47:51
607615064,195,2023-07-28,sell,15,155.45,1700000148621874,14:48:43
607625178,195,2023-07-28,buy,15,158.3,1700000148857964,14:49:08
602463249,195,2023-07-31,sell,15,157.4,1700000005741637,09:22:51
435197304,196,2023-07-31,buy,15,173.25,1500000109493710,15:00:54
435732124,196,2023-07-31,sell,15,168.25,1500000118448574,15:24:14
430159539,196,2023-08-01,buy,15,187.9,1500000001060789,09:16:47
430865302,196,2023-08-01,sell,15,150.55,1500000011169854,09:40:43
688893582,193,2023-08-01,buy,15,114.15,1800000011731621,09:40:51
689058730,193,2023-08-01,sell,15,106.35,1800000014183593,09:47:17
430997072,196,2023-08-01,buy,15,158.95,1500000013482814,09:47:24
431029609,196,2023-08-01,sell,15,155.95,1500000014040839,09:49:08
691315591,193,2023-08-01,buy,15,164.3,1800000058715955,12:17:06
691918969,193,2023-08-01,sell,15,190.55,1800000070868859,12:50:29
435194764,196,2023-08-01,buy,30,108.55,1500000092560046,14:40:39
435309296,196,2023-08-01,sell,30,103.7,1500000094119632,14:45:22
607692956,192,2023-08-01,buy,30,103.7,1700000112744279,14:55:08
602329187,192,2023-08-02,sell,30,185.45,1700000001765416,09:16:42
602490379,195,2023-08-02,buy,15,106.15,1700000003351378,09:18:30
602561057,195,2023-08-02,sell,15,98.85,1700000004150990,09:19:34
602618893,195,2023-08-02,buy,15,105.55,1700000004766463,09:20:20
602741349,195,2023-08-02,sell,15,96.45,1700000006175114,09:22:42
603035515,195,2023-08-02,buy,15,119.4,1700000009683884,09:28:00
603058778,195,2023-08-02,sell,15,115.8,1700000009974743,09:28:24
603112470,195,2023-08-02,buy,15,124.0,1700000010623729,09:29:19
603186061,195,2023-08-02,sell,15,114.8,1700000011625612,09:30:45
604211485,195,2023-08-02,buy,15,108.15,1700000027729317,10:13:18
604364992,195,2023-08-02,sell,15,107.25,1700000029759530,10:16:19
604445956,195,2023-08-02,buy,15,122.2,1700000030863333,10:18:21
605093575,195,2023-08-02,sell,15,159.5,1700000039285706,10:33:02
694262903,197,2023-08-02,buy,15,136.35,1800000089165040,12:01:38
694352808,197,2023-08-02,sell,15,130.1,1800000090503922,12:03:06
695447559,197,2023-08-02,buy,15,121.7,1800000112654370,12:55:39
695474816,197,2023-08-02,sell,15,121.35,1800000113095614,12:56:02
610534931,198,2023-08-02,buy,15,92.25,1700000124184288,13:06:05
610600535,198,2023-08-02,sell,15,84.75,1700000125445967,13:09:26
610725973,198,2023-08-02,buy,15,100.9,1700000127638502,13:14:08
610998005,198,2023-08-02,sell,15,101.6,1700000131208854,13:18:05
611115313,198,2023-08-02,buy,15,104.65,1700000133206076,13:21:49
611507133,198,2023-08-02,sell,15,109.85,1700000139022524,13:30:28
696931463,199,2023-08-02,buy,15,94.55,1800000139212817,13:40:09
697332135,199,2023-08-02,sell,15,144.55,1800000144727783,13:45:19
613462363,200,2023-08-02,buy,15,98.5,1700000169691501,14:11:59
613662647,200,2023-08-02,sell,15,99.15,1700000172839860,14:16:14
613760984,200,2023-08-02,buy,15,109.95,1700000174652285,14:19:25
614221992,200,2023-08-02,sell,15,93.35,1700000182774732,14:31:41
700923774,197,2023-08-02,buy,15,94.1,1800000214029475,15:24:49
688112942,197,2023-08-03,sell,15,160.35,1800000000449624,09:15:26
346947994,201,2023-08-03,buy,15,207.3,1400000118872255,14:28:52
346959093,201,2023-08-03,sell,15,198.95,1400000119220000,14:29:31
347247782,201,2023-08-03,buy,15,184.0,1400000127798449,14:44:53
347372991,201,2023-08-03,sell,15,195.55,1400000130878200,14:49:43
608109775,202,2023-08-04,buy,15,213.9,1700000142241724,13:31:53
608147307,202,2023-08-04,sell,15,214.1,1700000142828401,13:32:22
608224710,202,2023-08-04,buy,15,229.55,1700000144279930,13:33:53
608385055,202,2023-08-04,sell,15,280.7,1700000146108690,13:35:19
688689484,203,2023-08-08,buy,15,164.2,1800000013023468,09:39:19
688706278,203,2023-08-08,sell,15,155.4,1800000013407850,09:40:01
431252803,204,2023-08-08,buy,15,163.75,1500000020680675,10:01:29
432114668,204,2023-08-08,sell,15,209.1,1500000033148560,10:27:31
432485725,205,2023-08-08,buy,15,162.05,1500000038357156,10:35:07
433640833,205,2023-08-08,sell,15,112.55,1500000060415958,11:12:23
690687996,203,2023-08-08,buy,15,115.55,1800000056104435,11:15:03
690849266,203,2023-08-08,sell,15,117.3,1800000059220248,11:21:02
691002522,203,2023-08-08,buy,15,124.1,1800000063082484,11:29:44
691202524,203,2023-08-08,sell,15,121.55,1800000067422298,11:39:46
691471428,203,2023-08-08,buy,15,112.85,1800000074254679,11:57:57
691637965,203,2023-08-08,sell,15,105.55,1800000078710674,12:08:46
688394184,203,2023-08-09,buy,15,127.3,1800000003797704,09:19:54
689405647,203,2023-08-09,sell,15,181.2,1800000015595497,09:31:36
603713538,202,2023-08-09,buy,15,149.1,1700000017802710,09:33:32
603758071,202,2023-08-09,sell,15,141.1,1700000018536855,09:34:20
606192691,202,2023-08-09,buy,15,170.0,1700000062577784,10:50:20
606203559,202,2023-08-09,sell,15,169.85,1700000062872847,10:51:08
606424474,202,2023-08-09,buy,15,180.8,1700000067079458,11:00:59
606665724,202,2023-08-09,sell,15,201.25,1700000070375558,11:05:30
693598912,206,2023-08-09,buy,15,159.55,1800000090188641,11:55:45
693657852,206,2023-08-09,sell,15,162.9,1800000091030030,11:56:55
524887713,207,2023-08-09,buy,15,112.9,1600000137959103,15:05:58
516574309,207,2023-08-10,sell,15,71.0,1600000004990507,09:21:07
516768433,207,2023-08-10,buy,15,75.8,1600000007227986,09:24:03
517000282,207,2023-08-10,sell,15,66.9,1600000010286902,09:29:09
517280360,207,2023-08-10,buy,15,83.55,1600000013675489,09:34:32
518617514,207,2023-08-10,sell,15,81.7,1600000031395367,10:01:59
518879833,207,2023-08-10,buy,15,101.15,1600000034661788,10:04:56
519199289,207,2023-08-10,sell,15,135.45,1600000037085159,10:06:10
434423341,204,2023-08-10,buy,15,98.85,1500000048910152,10:14:05
434857738,204,2023-08-10,sell,15,89.75,1500000052839959,10:17:43
692403483,203,2023-08-10,buy,15,97.75,1800000059367112,10:23:29
692454283,203,2023-08-10,sell,15,90.35,1800000059966054,10:23:48
692491453,203,2023-08-10,buy,15,104.55,1800000060377379,10:24:03
692621652,203,2023-08-10,sell,15,130.3,1800000061372349,10:24:30
693138804,206,2023-08-10,buy,15,78.75,1800000066144972,10:27:04
693734123,206,2023-08-10,sell,15,123.05,1800000072818853,10:31:31
693993577,208,2023-08-10,buy,15,61.55,1800000076579245,10:34:06
694361871,208,2023-08-10,sell,15,57.65,1800000081089448,10:37:11
694382828,208,2023-08-10,buy,15,59.5,1800000081507573,10:37:31
696053172,208,2023-08-10,sell,15,28.6,1800000106772312,11:04:32
610721914,209,2023-08-10,buy,30,49.8,1700000111583984,11:09:46
618361109,209,2023-08-10,sell,30,43.85,1700000208559930,13:33:10
619460012,209,2023-08-10,buy,15,44.55,1700000221690581,13:51:25
619460011,209,2023-08-10,buy,15,44.55,1700000221690581,13:51:25
619543631,209,2023-08-10,sell,30,41.9,1700000222516554,13:52:02
619570171,209,2023-08-10,buy,30,49.1,1700000222829138,13:52:18
620031919,209,2023-08-10,sell,30,68.25,1700000226908444,13:55:05
705440589,208,2023-08-10,buy,30,30.0,1800000225540333,13:56:37
705504434,208,2023-08-10,sell,30,27.25,1800000226167986,13:57:09
688005259,210,2023-08-11,buy,30,169.3,1800000000036440,09:15:05
688053803,210,2023-08-11,sell,15,197.3,1800000000377894,09:15:34
688053802,210,2023-08-11,sell,15,197.35,1800000000377894,09:15:34
603874969,211,2023-08-11,buy,15,158.8,1700000043804360,10:35:57
603902366,211,2023-08-11,sell,15,163.0,1700000044680526,10:38:28
688120768,212,2023-08-14,buy,15,194.85,1800000000745640,09:16:01
688186869,212,2023-08-14,sell,15,183.65,1800000001324546,09:16:38
602290234,213,2023-08-14,buy,30,163.75,1700000002180266,09:17:34
602490964,213,2023-08-14,sell,15,174.35,1700000005018001,09:20:27
602490963,213,2023-08-14,sell,15,174.35,1700000005018001,09:20:27
602567339,213,2023-08-14,buy,30,196.6,1700000005834231,09:21:12
602812184,213,2023-08-14,sell,15,200.0,1700000009343602,09:25:18
602812183,213,2023-08-14,sell,15,200.0,1700000009343602,09:25:18
602833181,213,2023-08-14,buy,30,209.35,1700000009652184,09:25:42
602906569,213,2023-08-14,sell,30,202.7,1700000010787204,09:27:09
602998492,213,2023-08-14,buy,30,191.0,1700000012413967,09:29:42
603091294,213,2023-08-14,sell,30,205.95,1700000013776823,09:31:21
603478908,213,2023-08-14,buy,15,184.25,1700000022592046,09:46:35
603505869,213,2023-08-14,sell,15,180.3,1700000023295783,09:48:04
603617315,213,2023-08-14,buy,15,176.0,1700000025502974,09:52:55
603679787,213,2023-08-14,sell,15,190.0,1700000026751867,09:55:17
435417051,214,2023-08-14,buy,15,175.0,1500000088696848,14:10:58
436290114,214,2023-08-14,sell,15,178.8,1500000104829116,14:50:34
689298370,215,2023-08-16,buy,15,179.3,1800000015774305,09:36:03
689298371,215,2023-08-16,buy,15,179.3,1800000015774305,09:36:03
689361988,215,2023-08-16,sell,30,161.25,1800000016687168,09:37:04
431485317,216,2023-08-16,buy,30,139.75,1500000013557616,09:38:11
431572961,216,2023-08-16,sell,30,134.1,1500000014881998,09:41:11
431592436,216,2023-08-16,buy,15,139.1,1500000015151926,09:41:54
431592437,216,2023-08-16,buy,15,139.15,1500000015151926,09:41:54
431754366,216,2023-08-16,sell,30,145.5,1500000017192601,09:46:31
431797946,216,2023-08-16,buy,30,147.55,1500000017825326,09:47:53
431838997,216,2023-08-16,sell,30,144.8,1500000018481169,09:49:28
431914032,216,2023-08-16,buy,30,155.65,1500000019489907,09:52:18
432070907,216,2023-08-16,sell,30,174.6,1500000021027586,09:54:28
518406222,217,2023-08-16,buy,15,121.45,1600000028535463,10:11:37
518784464,217,2023-08-16,sell,15,153.15,1600000033421899,10:20:30
521979594,217,2023-08-16,buy,15,166.1,1600000088389771,13:09:59
521979593,217,2023-08-16,buy,15,166.1,1600000088389771,13:09:59
522002567,217,2023-08-16,sell,15,160.05,1600000088673531,13:10:27
522002568,217,2023-08-16,sell,15,160.05,1600000088673531,13:10:27
522028108,217,2023-08-16,buy,15,160.6,1600000089093285,13:11:25
522060108,217,2023-08-16,sell,15,158.85,1600000089624685,13:12:45
522203546,217,2023-08-16,buy,15,171.3,1600000091914715,13:18:37
522369812,217,2023-08-16,sell,15,183.0,1600000093938265,13:21:19
9956174,218,2023-08-16,buy,50,27.9,1000000110409880,15:01:54
10138559,218,2023-08-16,sell,50,31.5,1000000111768931,15:03:45
10144763,218,2023-08-16,buy,50,31.45,1000000111818686,15:03:52
10268115,218,2023-08-16,sell,50,35.0,1000000112809312,15:05:22
10281774,218,2023-08-16,buy,50,35.45,1000000112904013,15:05:27
430360889,219,2023-08-17,buy,15,108.1,1500000001819535,09:16:36
438478680,219,2023-08-17,sell,15,51.1,1500000083967223,11:32:12
438602476,219,2023-08-17,buy,15,57.9,1500000085377578,11:34:51
438872796,219,2023-08-17,sell,15,60.75,1500000088798955,11:42:44
697296705,212,2023-08-17,buy,30,113.1,1800000112440824,12:10:30
699132490,212,2023-08-17,sell,30,150.2,1800000133165359,12:42:42
613780804,213,2023-08-17,buy,30,92.25,1700000134659382,12:44:28
614123275,213,2023-08-17,sell,15,90.35,1700000137806902,12:48:32
614123274,213,2023-08-17,sell,15,90.4,1700000137806902,12:48:32
691189502,220,2023-08-18,buy,15,193.95,1800000086854087,13:39:28
691219124,220,2023-08-18,sell,15,186.45,1800000087509145,13:41:27
691285404,220,2023-08-18,buy,15,186.75,1800000088868449,13:44:50
691314412,220,2023-08-18,sell,15,185.0,1800000089435954,13:46:42
691320428,220,2023-08-18,buy,15,187.25,1800000089549670,13:47:01
691324359,220,2023-08-18,sell,15,188.15,1800000089626700,13:47:23
691336522,220,2023-08-18,buy,15,190.8,1800000089925504,13:48:49
691347785,220,2023-08-18,sell,15,187.4,1800000090180888,13:50:22
433957109,221,2023-08-18,buy,15,184.85,1500000087164662,14:05:04
434010636,221,2023-08-18,sell,15,175.75,1500000088195191,14:08:26
518138121,222,2023-08-21,buy,15,163.4,1600000037636398,11:08:41
518414766,222,2023-08-21,sell,15,164.45,1600000041430225,11:17:41
434730381,223,2023-08-21,buy,15,148.5,1500000076701523,13:31:54
431239756,223,2023-08-22,sell,15,101.85,1500000015127162,10:00:13
689066957,224,2023-08-22,buy,15,114.05,1800000015710454,10:01:32
